[
    {
        "productData": {
            "name": "FILEMETA",
            "productId": "FILEMETA",
            "productShopPage": "",
            "productImageURL": "",
            "productDescription": "THIS IS NOT A REAL PRODUCT, THIS IS METADATA OF THIS FILE"
        },
        "priceData": {
            "bestPrice": "0.00",
            "price": "0.00",
            "pricePerLitre": 0,
            "bestPricePerLitre": 0
        },
        "timestamp": "2022-08-23T17:21:12.645315",
        "siteconfig": {
            "siteMeta": {
                "name": "The Warehouse",
                "mainURL": "www.thewarehouse.co.nz",
                "productPrefix": ""
            },
            "regex": {
                "dollars": ">([0-9][0-9]?)",
                "cents": ">([0-9][0-9])"
            },
            "endpoints": {}
        }
    },
    {
        "productData": {
            "name": "Coca Cola Sparking Duet Soft Drink Trays - 24 Pack 330ml",
            "productId": "R2812056",
            "productShopPage": "https://www.thewarehouse.co.nz/p/product/R2812056.html",
            "productDescription": "",
            "productImageURL": "https://www.thewarehouse.co.nz/dw/image/v2/BDMG_PRD/on/demandware.static/-/Sites-twl-master-catalog/default/dw809dfe81/images/hi-res/05/FF/R2812056_30.jpg?sw=765&sh=765",
            "volume": 330.0
        },
        "priceData": {
            "bestPrice": "25.00",
            "price": "25.00",
            "pricePerLitre": 75.75757575757575,
            "bestPricePerLitre": 75.75757575757575
        }
    },
    {
        "productData": {
            "name": "Coca Cola Can Mixed Tray 355ml 24 Pack",
            "productId": "R2177577",
            "productShopPage": "https://www.thewarehouse.co.nz/p/product/R2177577.html",
            "productDescription": "This tray contains a selection of carbonated drinks, great for parties and picnics",
            "productImageURL": "https://www.thewarehouse.co.nz/dw/image/v2/BDMG_PRD/on/demandware.static/-/Sites-twl-master-catalog/default/dw6e1e43e6/images/hi-res/FD/54/R2177577_30.jpg?sw=765&sh=765",
            "multipack": {
                "quantity": "24"
            },
            "volume": "355ml"
        },
        "priceData": {
            "bestPrice": "25.00",
            "price": "25.00",
            "pricePerLitre": 2.9342723004694835,
            "bestPricePerLitre": 2.9342723004694835
        }
    },
    {
        "productData": {
            "name": "Coca Cola Sprite Soft Drink Trays - 24 Pack 330ml",
            "productId": "R2812055",
            "productShopPage": "https://www.thewarehouse.co.nz/p/product/R2812055.html",
            "productDescription": "",
            "productImageURL": "https://www.thewarehouse.co.nz/dw/image/v2/BDMG_PRD/on/demandware.static/-/Sites-twl-master-catalog/default/dw05ed129c/images/hi-res/89/DD/R2812055_30.jpg?sw=765&sh=765",
            "volume": 330.0
        },
        "priceData": {
            "bestPrice": "25.00",
            "price": "25.00",
            "pricePerLitre": 75.75757575757575,
            "bestPricePerLitre": 75.75757575757575
        }
    },
    {
        "productData": {
            "name": "Coca Cola Mixed Tray 330ml 24 Pack",
            "productId": "R2417209",
            "productShopPage": "https://www.thewarehouse.co.nz/p/product/R2417209.html",
            "productDescription": "",
            "productImageURL": "https://www.thewarehouse.co.nz/dw/image/v2/BDMG_PRD/on/demandware.static/-/Sites-twl-master-catalog/default/dw3135003a/images/hi-res/84/D1/R2417209_30.jpg?sw=765&sh=765",
            "multipack": {
                "quantity": "24"
            },
            "volume": "330ml"
        },
        "priceData": {
            "bestPrice": "25.00",
            "price": "25.00",
            "pricePerLitre": 3.1565656565656566,
            "bestPricePerLitre": 3.1565656565656566
        }
    },
    {
        "productData": {
            "name": "Coca Cola 330ml 24 Pack Tray",
            "productId": "R2777625",
            "productShopPage": "https://www.thewarehouse.co.nz/p/product/R2777625.html",
            "productDescription": "Nothing beats the taste of Coca-Cola classic. It's the perfect companion whether you’re on the go, relaxing at home, enjoying with friends or as a drink with your meal. Refresh with the authentic coke taste.",
            "productImageURL": "https://www.thewarehouse.co.nz/dw/image/v2/BDMG_PRD/on/demandware.static/-/Sites-twl-master-catalog/default/dw90ca4b29/images/hi-res/18/82/R2777625_30.jpg?sw=765&sh=765",
            "multipack": {
                "quantity": "24"
            },
            "volume": "330ml"
        },
        "priceData": {
            "bestPrice": "25.00",
            "price": "25.00",
            "pricePerLitre": 3.1565656565656566,
            "bestPricePerLitre": 3.1565656565656566
        }
    },
    {
        "productData": {
            "name": "Coca Cola 330ml No Sugar 24 Pack Tray",
            "productId": "R2777626",
            "productShopPage": "https://www.thewarehouse.co.nz/p/product/R2777626.html",
            "productDescription": "Coke No Sugar is a sparkling soft drink and a great choice for those who want a classic taste of coke without the sugar. The large packs are ideal for sharing with family and friends and the perfect companion with meals.",
            "productImageURL": "https://www.thewarehouse.co.nz/dw/image/v2/BDMG_PRD/on/demandware.static/-/Sites-twl-master-catalog/default/dw5a2d3e68/images/hi-res/F7/94/R2777626_30.jpg?sw=765&sh=765",
            "volume": 330.0
        },
        "priceData": {
            "bestPrice": "25.00",
            "price": "25.00",
            "pricePerLitre": 75.75757575757575,
            "bestPricePerLitre": 75.75757575757575
        }
    },
    {
        "productData": {
            "name": "Coca Cola Zero Sugar 24x330ml Can",
            "productId": "R2833092",
            "productShopPage": "https://www.thewarehouse.co.nz/p/product/R2833092.html",
            "productDescription": "",
            "productImageURL": "https://www.thewarehouse.co.nz/dw/image/v2/BDMG_PRD/on/demandware.static/-/Sites-twl-master-catalog/default/dw44cbabcb/images/hi-res/F1/A6/R2833092_30.jpg?sw=765&sh=765",
            "volume": 330.0
        },
        "priceData": {
            "bestPrice": "25.00",
            "price": "25.00",
            "pricePerLitre": 75.75757575757575,
            "bestPricePerLitre": 75.75757575757575
        }
    },
    {
        "productData": {
            "name": "Pepsi Max 355ml can 24 Pack",
            "productId": "R2790139",
            "productShopPage": "https://www.thewarehouse.co.nz/p/product/R2790139.html",
            "productDescription": "",
            "productImageURL": "https://www.thewarehouse.co.nz/dw/image/v2/BDMG_PRD/on/demandware.static/-/Sites-twl-master-catalog/default/dw26c14ee8/images/hi-res/B0/A4/R2790139_30.jpg?sw=765&sh=765",
            "volume": 355.0
        },
        "priceData": {
            "bestPrice": "16.00",
            "price": "16.00",
            "pricePerLitre": 45.070422535211264,
            "bestPricePerLitre": 45.070422535211264
        }
    },
    {
        "productData": {
            "name": "Mountain Dew 355ml can 24 Pack",
            "productId": "R2790138",
            "productShopPage": "https://www.thewarehouse.co.nz/p/product/R2790138.html",
            "productDescription": "",
            "productImageURL": "https://www.thewarehouse.co.nz/dw/image/v2/BDMG_PRD/on/demandware.static/-/Sites-twl-master-catalog/default/dwc7bc6623/images/hi-res/02/49/R2790138_30.jpg?sw=765&sh=765",
            "volume": 355.0
        },
        "priceData": {
            "bestPrice": "16.00",
            "price": "16.00",
            "pricePerLitre": 45.070422535211264,
            "bestPricePerLitre": 45.070422535211264
        }
    },
    {
        "productData": {
            "name": "Charlie's Honest Fizz Orange/Mango 12 Pack 320ml",
            "productId": "R2633939",
            "productShopPage": "https://www.thewarehouse.co.nz/p/product/R2633939.html",
            "productDescription": "Honest fizz is pretty simple really, It's a refreshing wee beverage made with real fruit and less sugar",
            "productImageURL": "https://www.thewarehouse.co.nz/dw/image/v2/BDMG_PRD/on/demandware.static/-/Sites-twl-master-catalog/default/dw5f7deaf1/images/hi-res/38/1A/R2633939_40.jpg?sw=765&sh=765",
            "volume": 320.0
        },
        "priceData": {
            "bestPrice": "10.00",
            "price": "10.00",
            "pricePerLitre": 31.25,
            "bestPricePerLitre": 31.25
        }
    },
    {
        "productData": {
            "name": "Charlie's Honest Fizz Lemon/Lime 12 Pack 320ml",
            "productId": "R2633938",
            "productShopPage": "https://www.thewarehouse.co.nz/p/product/R2633938.html",
            "productDescription": "TO BE PERFECTLY HONEST, THE WAY WE MAKE OUR HONEST FIZZ ISN’T ROCKET SCIENCE. IT’S A FEW REFRESHING BEVERAGES MADE WITH REAL FRUIT AND LESS SUGAR*, WITH A FEW BUBBLES THROWN IN. ENJOY!",
            "productImageURL": "https://www.thewarehouse.co.nz/dw/image/v2/BDMG_PRD/on/demandware.static/-/Sites-twl-master-catalog/default/dw6d35f026/images/hi-res/75/D0/R2633938_40.jpg?sw=765&sh=765",
            "volume": 320.0
        },
        "priceData": {
            "bestPrice": "10.00",
            "price": "10.00",
            "pricePerLitre": 31.25,
            "bestPricePerLitre": 31.25
        }
    },
    {
        "productData": {
            "name": "Charlie's Honest Fizz Feijoa 12 Pack 320ml 12 Pack",
            "productId": "R2633940",
            "productShopPage": "https://www.thewarehouse.co.nz/p/product/R2633940.html",
            "productDescription": "TO BE PERFECTLY HONEST, THE WAY WE MAKE OUR HONEST FIZZ ISN’T ROCKET SCIENCE. IT’S A FEW REFRESHING BEVERAGES MADE WITH REAL FRUIT AND LESS SUGAR*, WITH A FEW BUBBLES THROWN IN. ENJOY",
            "productImageURL": "https://www.thewarehouse.co.nz/dw/image/v2/BDMG_PRD/on/demandware.static/-/Sites-twl-master-catalog/default/dw206b6f75/images/hi-res/78/78/R2633940_40.jpg?sw=765&sh=765",
            "multipack": {
                "quantity": "12"
            },
            "volume": "320ml"
        },
        "priceData": {
            "bestPrice": "10.00",
            "price": "10.00",
            "pricePerLitre": 2.604166666666667,
            "bestPricePerLitre": 2.604166666666667
        }
    },
    {
        "productData": {
            "name": "Nice Mixed Tray 99% Sugar Free Soft Drink 24 x 350ml",
            "productId": "R2431567",
            "productShopPage": "https://www.thewarehouse.co.nz/p/product/R2431567.html",
            "productDescription": "",
            "productImageURL": "https://www.thewarehouse.co.nz/dw/image/v2/BDMG_PRD/on/demandware.static/-/Sites-twl-master-catalog/default/dw73c29ad7/images/hi-res/4C/72/R2431567_40.jpg?sw=765&sh=765",
            "volume": 350.0
        },
        "priceData": {
            "bestPrice": "9.90",
            "price": "9.90",
            "pricePerLitre": 28.28571428571429,
            "bestPricePerLitre": 28.28571428571429
        }
    },
    {
        "productData": {
            "name": "Green Lemon 4 Pack",
            "productId": "R2829917",
            "productShopPage": "https://www.thewarehouse.co.nz/p/product/R2829917.html",
            "productDescription": "",
            "productImageURL": "https://www.thewarehouse.co.nz/dw/image/v2/BDMG_PRD/on/demandware.static/-/Sites-twl-master-catalog/default/dw0f37fe69/images/hi-res/CF/12/R2829917_30.jpg?sw=765&sh=765",
            "volume": 4000.0
        },
        "priceData": {
            "bestPrice": "7.99",
            "price": "7.99",
            "pricePerLitre": 1.9975,
            "bestPricePerLitre": 1.9975
        }
    },
    {
        "productData": {
            "name": "Green Orange 4 Pack",
            "productId": "R2829916",
            "productShopPage": "https://www.thewarehouse.co.nz/p/product/R2829916.html",
            "productDescription": "",
            "productImageURL": "https://www.thewarehouse.co.nz/dw/image/v2/BDMG_PRD/on/demandware.static/-/Sites-twl-master-catalog/default/dwf8a10046/images/hi-res/77/13/R2829916_40.jpg?sw=765&sh=765",
            "volume": 4000.0
        },
        "priceData": {
            "bestPrice": "7.99",
            "price": "7.99",
            "pricePerLitre": 1.9975,
            "bestPricePerLitre": 1.9975
        }
    },
    {
        "productData": {
            "name": "Green Lemon Lime 4 Pack",
            "productId": "R2829918",
            "productShopPage": "https://www.thewarehouse.co.nz/p/product/R2829918.html",
            "productDescription": "",
            "productImageURL": "https://www.thewarehouse.co.nz/dw/image/v2/BDMG_PRD/on/demandware.static/-/Sites-twl-master-catalog/default/dw01058705/images/hi-res/84/9F/R2829918_30.jpg?sw=765&sh=765",
            "volume": 4000.0
        },
        "priceData": {
            "bestPrice": "7.99",
            "price": "7.99",
            "pricePerLitre": 1.9975,
            "bestPricePerLitre": 1.9975
        }
    },
    {
        "productData": {
            "name": "Green Cola 4 Pack",
            "productId": "R2829915",
            "productShopPage": "https://www.thewarehouse.co.nz/p/product/R2829915.html",
            "productDescription": "",
            "productImageURL": "https://www.thewarehouse.co.nz/dw/image/v2/BDMG_PRD/on/demandware.static/-/Sites-twl-master-catalog/default/dw76d585f3/images/hi-res/AB/2E/R2829915_30.jpg?sw=765&sh=765",
            "volume": 4000.0
        },
        "priceData": {
            "bestPrice": "7.99",
            "price": "7.99",
            "pricePerLitre": 1.9975,
            "bestPricePerLitre": 1.9975
        }
    },
    {
        "productData": {
            "name": "Mountain Dew Minis 250ml 10 Pack",
            "productId": "R2620305",
            "productShopPage": "https://www.thewarehouse.co.nz/p/product/R2620305.html",
            "productDescription": "Enjoy an ice cold Mountain Dew, the bold, refreshing Mountain Dew",
            "productImageURL": "https://www.thewarehouse.co.nz/dw/image/v2/BDMG_PRD/on/demandware.static/-/Sites-twl-master-catalog/default/dwdc8ff4a9/images/hi-res/5D/81/R2620305_40.jpg?sw=765&sh=765",
            "multipack": {
                "quantity": "10"
            },
            "volume": "250ml"
        },
        "priceData": {
            "bestPrice": "7.30",
            "price": "7.30",
            "pricePerLitre": 2.92,
            "bestPricePerLitre": 2.92
        }
    },
    {
        "productData": {
            "name": "Pepsi Minis 250ml 10 Pack",
            "productId": "R2620303",
            "productShopPage": "https://www.thewarehouse.co.nz/p/product/R2620303.html",
            "productDescription": "Enjoy an ice cold Pepsi, the bold, refreshing cola",
            "productImageURL": "https://www.thewarehouse.co.nz/dw/image/v2/BDMG_PRD/on/demandware.static/-/Sites-twl-master-catalog/default/dw8b437e04/images/hi-res/63/F8/R2620303_40.jpg?sw=765&sh=765",
            "multipack": {
                "quantity": "10"
            },
            "volume": "250ml"
        },
        "priceData": {
            "bestPrice": "7.30",
            "price": "7.30",
            "pricePerLitre": 2.92,
            "bestPricePerLitre": 2.92
        }
    },
    {
        "productData": {
            "name": "7up Minis 250ml 10 Pack",
            "productId": "R2620306",
            "productShopPage": "https://www.thewarehouse.co.nz/p/product/R2620306.html",
            "productDescription": "Enoy an ice cold 7 up, the bold and refreshing taste of 7 Up!",
            "productImageURL": "https://www.thewarehouse.co.nz/dw/image/v2/BDMG_PRD/on/demandware.static/-/Sites-twl-master-catalog/default/dw9671b7b7/images/hi-res/07/9F/R2620306_40.jpg?sw=765&sh=765",
            "multipack": {
                "quantity": "10"
            },
            "volume": "250ml"
        },
        "priceData": {
            "bestPrice": "7.30",
            "price": "7.30",
            "pricePerLitre": 2.92,
            "bestPricePerLitre": 2.92
        }
    },
    {
        "productData": {
            "name": "Pepsi Max Minis 250ml 10 Pack",
            "productId": "R2620304",
            "productShopPage": "https://www.thewarehouse.co.nz/p/product/R2620304.html",
            "productDescription": "Enjoy an ice cold Pepsi Max, the bold, refreshing cola",
            "productImageURL": "https://www.thewarehouse.co.nz/dw/image/v2/BDMG_PRD/on/demandware.static/-/Sites-twl-master-catalog/default/dwe1dfe5f7/images/hi-res/4F/99/R2620304_40.jpg?sw=765&sh=765",
            "multipack": {
                "quantity": "10"
            },
            "volume": "250ml"
        },
        "priceData": {
            "bestPrice": "7.30",
            "price": "7.30",
            "pricePerLitre": 2.92,
            "bestPricePerLitre": 2.92
        }
    },
    {
        "productData": {
            "name": "Coca Cola No Sugar Soft Drink 600ml",
            "productId": "R2234782",
            "productShopPage": "https://www.thewarehouse.co.nz/p/product/R2234782.html",
            "productDescription": "Savour the taste of Coca Cola No Sugar 600ml anytime, anywhere. You get to enjoy the oh-so refreshing fizz and original taste of Coca-Cola without any sugar. Make special moments memorable and magical with everyone’s favourite beverage. Have it with your favourite meal or just to beat the heat.",
            "productImageURL": "https://www.thewarehouse.co.nz/dw/image/v2/BDMG_PRD/on/demandware.static/-/Sites-twl-master-catalog/default/dw8671fb8d/images/hi-res/3D/7A/R2234782_40.jpg?sw=765&sh=765",
            "volume": 600.0
        },
        "priceData": {
            "bestPrice": "4.00",
            "price": "4.00",
            "pricePerLitre": 6.666666666666667,
            "bestPricePerLitre": 6.666666666666667
        }
    },
    {
        "productData": {
            "name": "Coca Cola 600ml",
            "productId": "R340657",
            "productShopPage": "https://www.thewarehouse.co.nz/p/product/R340657.html",
            "productDescription": "The Coca Cola 600ml. Nothing beats a classic taste. Taste the feeling.",
            "productImageURL": "https://www.thewarehouse.co.nz/dw/image/v2/BDMG_PRD/on/demandware.static/-/Sites-twl-master-catalog/default/dw5c74d768/images/hi-res/54/BF/R340657_40.jpg?sw=765&sh=765",
            "volume": 600.0
        },
        "priceData": {
            "bestPrice": "4.00",
            "price": "4.00",
            "pricePerLitre": 6.666666666666667,
            "bestPricePerLitre": 6.666666666666667
        }
    },
    {
        "productData": {
            "name": "L&P L&P 600ml",
            "productId": "R340278",
            "productShopPage": "https://www.thewarehouse.co.nz/p/product/R340278.html",
            "productDescription": "• World famous in New Zealand",
            "productImageURL": "https://www.thewarehouse.co.nz/dw/image/v2/BDMG_PRD/on/demandware.static/-/Sites-twl-master-catalog/default/dw4ee1d518/images/hi-res/ED/CB/R340278_30.jpg?sw=765&sh=765",
            "volume": 600.0
        },
        "priceData": {
            "bestPrice": "4.00",
            "price": "4.00",
            "pricePerLitre": 6.666666666666667,
            "bestPricePerLitre": 6.666666666666667
        }
    },
    {
        "productData": {
            "name": "Schweppes Schweppes Soda Water 1.5 Litre 1 1/2L",
            "productId": "R376175",
            "productShopPage": "https://www.thewarehouse.co.nz/p/product/R376175.html",
            "productDescription": "Schweppes Classic Soda Water is a crisp, refreshing, sparkling soda water made with the perfect blend of mineral salts and pure natural water. Schweppes Classic Soda Water can be enjoyed on its own with a slice of lemon or as a mixer. Schweppes' range of sophisticated sparkling soft drinks are the perfect choice for enjoying either straight or as a mixer. Schweppes Soda Water is available in single serve and sharing size bottles as well as multipacks.",
            "productImageURL": "https://www.thewarehouse.co.nz/dw/image/v2/BDMG_PRD/on/demandware.static/-/Sites-twl-master-catalog/default/dwc0f3a668/images/hi-res/18/49/R376175_40.jpg?sw=765&sh=765",
            "volume": 1500.0
        },
        "priceData": {
            "bestPrice": "3.90",
            "price": "3.90",
            "pricePerLitre": 2.5999999999999996,
            "bestPricePerLitre": 2.5999999999999996
        }
    },
    {
        "productData": {
            "name": "Schweppes Schweppes Tonic Water 1.5 Litre 1 1/2L",
            "productId": "R376174",
            "productShopPage": "https://www.thewarehouse.co.nz/p/product/R376174.html",
            "productDescription": "Schweppes Indian Tonic Water is the classic partner to the perfect gin - providing that crisp, bitter balance, it contains quinine from natural sources. Schweppes Tonic Water is available in single serve and sharing size bottles as well as multipacks.",
            "productImageURL": "https://www.thewarehouse.co.nz/dw/image/v2/BDMG_PRD/on/demandware.static/-/Sites-twl-master-catalog/default/dw303e926b/images/hi-res/29/32/R376174_40.jpg?sw=765&sh=765",
            "volume": 1500.0
        },
        "priceData": {
            "bestPrice": "3.90",
            "price": "3.90",
            "pricePerLitre": 2.5999999999999996,
            "bestPricePerLitre": 2.5999999999999996
        }
    },
    {
        "productData": {
            "name": "Schweppes Schweppes Ginger Ale 1.5 Litre 1 1/2L",
            "productId": "R376176",
            "productShopPage": "https://www.thewarehouse.co.nz/p/product/R376176.html",
            "productDescription": "Schweppes Dry Ginger ale is the perfect mixer with alcohol with its zesty bite and spicy flavour. Schweppes Dry Ginger Ale is available in single serve and sharing size bottles as well as multipacks.",
            "productImageURL": "https://www.thewarehouse.co.nz/dw/image/v2/BDMG_PRD/on/demandware.static/-/Sites-twl-master-catalog/default/dw17754864/images/hi-res/B6/D0/R376176_40.jpg?sw=765&sh=765",
            "volume": 1500.0
        },
        "priceData": {
            "bestPrice": "3.90",
            "price": "3.90",
            "pricePerLitre": 2.5999999999999996,
            "bestPricePerLitre": 2.5999999999999996
        }
    },
    {
        "productData": {
            "name": "L&P LEMON & PAEROA SOFT DRINK 1.5L 1.5L",
            "productId": "R376180",
            "productShopPage": "https://www.thewarehouse.co.nz/p/product/R376180.html",
            "productDescription": "L&P is the classic drink that has been refreshing NZers since ages ago, when some bright spark in Paeroa first created, bottled and whacked a label on it. L&P. World Famous In New Zealand.",
            "productImageURL": "https://www.thewarehouse.co.nz/dw/image/v2/BDMG_PRD/on/demandware.static/-/Sites-twl-master-catalog/default/dw708c13e1/images/hi-res/49/39/R376180_40.jpg?sw=765&sh=765",
            "volume": 1500.0
        },
        "priceData": {
            "bestPrice": "3.30",
            "price": "3.30",
            "pricePerLitre": 2.1999999999999997,
            "bestPricePerLitre": 2.1999999999999997
        }
    },
    {
        "productData": {
            "name": "Coca Cola 1.5L",
            "productId": "R366117",
            "productShopPage": "https://www.thewarehouse.co.nz/p/product/R366117.html",
            "productDescription": "The Coca Cola 1.5L. Bringing you the orginal real taste and uplifting refreshment.",
            "productImageURL": "https://www.thewarehouse.co.nz/dw/image/v2/BDMG_PRD/on/demandware.static/-/Sites-twl-master-catalog/default/dwf0c13adb/images/hi-res/BE/5A/R366117_40.jpg?sw=765&sh=765",
            "volume": 1500.0
        },
        "priceData": {
            "bestPrice": "3.30",
            "price": "3.30",
            "pricePerLitre": 2.1999999999999997,
            "bestPricePerLitre": 2.1999999999999997
        }
    },
    {
        "productData": {
            "name": "Coca Cola Zero Sugar 1.5L",
            "productId": "R2833093",
            "productShopPage": "https://www.thewarehouse.co.nz/p/product/R2833093.html",
            "productDescription": "",
            "productImageURL": "https://www.thewarehouse.co.nz/dw/image/v2/BDMG_PRD/on/demandware.static/-/Sites-twl-master-catalog/default/dw0daaeb86/images/hi-res/6A/44/R2833093_30.jpg?sw=765&sh=765",
            "volume": 1500.0
        },
        "priceData": {
            "bestPrice": "3.30",
            "price": "3.30",
            "pricePerLitre": 2.1999999999999997,
            "bestPricePerLitre": 2.1999999999999997
        }
    },
    {
        "productData": {
            "name": "Pepsi Max 600ml",
            "productId": "R372131",
            "productShopPage": "https://www.thewarehouse.co.nz/p/product/R372131.html",
            "productDescription": "The Pepsi Max 600ml for a maximum kick and no sugar.",
            "productImageURL": "https://www.thewarehouse.co.nz/dw/image/v2/BDMG_PRD/on/demandware.static/-/Sites-twl-master-catalog/default/dw16602709/images/hi-res/41/AF/R372131_40.jpg?sw=765&sh=765",
            "volume": 600.0
        },
        "priceData": {
            "bestPrice": "3.00",
            "price": "3.00",
            "pricePerLitre": 5.0,
            "bestPricePerLitre": 5.0
        }
    },
    {
        "productData": {
            "name": "Mountain Dew Drink 600ml",
            "productId": "R372163",
            "productShopPage": "https://www.thewarehouse.co.nz/p/product/R372163.html",
            "productDescription": "Beat the heat with the Mountain Dew Drink 600ml. It is energising and thirst quenching with its one-of-a-kind great taste. For active young people who play hard and live life to the extreme. Do the DEW!",
            "productImageURL": "https://www.thewarehouse.co.nz/dw/image/v2/BDMG_PRD/on/demandware.static/-/Sites-twl-master-catalog/default/dwe3684774/images/hi-res/F4/45/R372163_40.jpg?sw=765&sh=765",
            "volume": 600.0
        },
        "priceData": {
            "bestPrice": "3.00",
            "price": "3.00",
            "pricePerLitre": 5.0,
            "bestPricePerLitre": 5.0
        }
    },
    {
        "productData": {
            "name": "Mountain Dew Drink 2L",
            "productId": "R1848652",
            "productShopPage": "https://www.thewarehouse.co.nz/p/product/R1848652.html",
            "productDescription": "Mountain Dew, the original instigator, refreshes and exhilarates with its 'one of a kind' great taste. Mountain Dew is aimed at active people who play hard and live life to the extreme.",
            "productImageURL": "https://www.thewarehouse.co.nz/dw/image/v2/BDMG_PRD/on/demandware.static/-/Sites-twl-master-catalog/default/dw3b4f01b0/images/hi-res/DE/0C/R1848652_40.jpg?sw=765&sh=765",
            "volume": 2000.0
        },
        "priceData": {
            "bestPrice": "2.90",
            "price": "2.90",
            "pricePerLitre": 1.45,
            "bestPricePerLitre": 1.45
        }
    },
    {
        "productData": {
            "name": "Pepsi Max 2L",
            "productId": "R1848650",
            "productShopPage": "https://www.thewarehouse.co.nz/p/product/R1848650.html",
            "productDescription": "Taste more with Pepsi Max - offering the bold Pepsi cola taste without the sugar. Maximum Taste. No Sugar.",
            "productImageURL": "https://www.thewarehouse.co.nz/dw/image/v2/BDMG_PRD/on/demandware.static/-/Sites-twl-master-catalog/default/dwba7bb714/images/hi-res/52/6E/R1848650_40.jpg?sw=765&sh=765",
            "volume": 2000.0
        },
        "priceData": {
            "bestPrice": "2.90",
            "price": "2.90",
            "pricePerLitre": 1.45,
            "bestPricePerLitre": 1.45
        }
    },
    {
        "productData": {
            "name": "Bundaberg Ginger Beer 375ml",
            "productId": "R2817498",
            "productShopPage": "https://www.thewarehouse.co.nz/p/product/R2817498.html",
            "productDescription": "",
            "productImageURL": "https://www.thewarehouse.co.nz/dw/image/v2/BDMG_PRD/on/demandware.static/-/Sites-twl-master-catalog/default/dw6ec4a91a/images/hi-res/1B/30/R2817498_30.jpg?sw=765&sh=765",
            "volume": 375.0
        },
        "priceData": {
            "bestPrice": "2.40",
            "price": "2.40",
            "pricePerLitre": 6.3999999999999995,
            "bestPricePerLitre": 6.3999999999999995
        }
    },
    {
        "productData": {
            "name": "Pepsi Drink 2L",
            "productId": "R372121",
            "productShopPage": "https://www.thewarehouse.co.nz/p/product/R372121.html",
            "productDescription": "The original Pepsi cola that delivers great tasting refreshment. Bold. Delicious. Refreshing.",
            "productImageURL": "https://www.thewarehouse.co.nz/dw/image/v2/BDMG_PRD/on/demandware.static/-/Sites-twl-master-catalog/default/dw9531095e/images/hi-res/1C/41/R372121_30.jpg?sw=765&sh=765",
            "volume": 2000.0
        },
        "priceData": {
            "bestPrice": "1.97",
            "price": "1.97",
            "pricePerLitre": 0.985,
            "bestPricePerLitre": 0.985
        }
    },
    {
        "productData": {
            "name": "Nice 99% Sugar Free Cola Carbonated Beverage Drink 1.5L",
            "productId": "R2460946",
            "productShopPage": "https://www.thewarehouse.co.nz/p/product/R2460946.html",
            "productDescription": "A perfect meal partner, this Nice carbonated beverage drink brings refreshment at an affordable price.  At 99% sugar free, you'll never feel guilty as you drink more.  Best for celebrations and family gatherings, make sure you bring at least a bottle.  Available in grape, lemon, raspberrry, cola, lemonade, orange, and lime flavours.",
            "productImageURL": "https://www.thewarehouse.co.nz/dw/image/v2/BDMG_PRD/on/demandware.static/-/Sites-twl-master-catalog/default/dw0a2bed90/images/hi-res/CC/D6/R2460946_30.jpg?sw=765&sh=765",
            "volume": 1500.0
        },
        "priceData": {
            "bestPrice": "1.20",
            "price": "1.20",
            "pricePerLitre": 0.7999999999999999,
            "bestPricePerLitre": 0.7999999999999999
        }
    },
    {
        "productData": {
            "name": "Nice 99% Sugar Free Lime Carbonated Beverage Drink 1.5L",
            "productId": "R2460949",
            "productShopPage": "https://www.thewarehouse.co.nz/p/product/R2460949.html",
            "productDescription": "A perfect meal partner, this Nice carbonated beverage drink brings refreshment at an affordable price.  At 99% sugar free, you'll never feel guilty as you drink more.  Best for celebrations and family gatherings, make sure you bring at least a bottle.  Available in grape, lemon, raspberrry, cola, lemonade, orange, and lime flavours.",
            "productImageURL": "https://www.thewarehouse.co.nz/dw/image/v2/BDMG_PRD/on/demandware.static/-/Sites-twl-master-catalog/default/dwa1d1300c/images/hi-res/73/FA/R2460949_30.jpg?sw=765&sh=765",
            "volume": 1500.0
        },
        "priceData": {
            "bestPrice": "1.20",
            "price": "1.20",
            "pricePerLitre": 0.7999999999999999,
            "bestPricePerLitre": 0.7999999999999999
        }
    },
    {
        "productData": {
            "name": "Nice 99% Sugar Free Lemon Carbonated Beverage Drink 1.5L",
            "productId": "R2460944",
            "productShopPage": "https://www.thewarehouse.co.nz/p/product/R2460944.html",
            "productDescription": "A perfect meal partner, this Nice carbonated beverage drink brings refreshment at an affordable price.  At 99% sugar free, you'll never feel guilty as you drink more.  Best for celebrations and family gatherings, make sure you bring at least a bottle.  Available in grape, lemon, raspberrry, cola, lemonade, orange, and lime flavours.",
            "productImageURL": "https://www.thewarehouse.co.nz/dw/image/v2/BDMG_PRD/on/demandware.static/-/Sites-twl-master-catalog/default/dw9140b694/images/hi-res/A4/79/R2460944_30.jpg?sw=765&sh=765",
            "volume": 1500.0
        },
        "priceData": {
            "bestPrice": "1.20",
            "price": "1.20",
            "pricePerLitre": 0.7999999999999999,
            "bestPricePerLitre": 0.7999999999999999
        }
    },
    {
        "productData": {
            "name": "Nice 99% Sugar Free Orange Carbonated Beverage Drink 1.5L",
            "productId": "R2460948",
            "productShopPage": "https://www.thewarehouse.co.nz/p/product/R2460948.html",
            "productDescription": "A perfect meal partner, this Nice carbonated beverage drink brings refreshment at an affordable price.  At 99% sugar free, you'll never feel guilty as you drink more.  Best for celebrations and family gatherings, make sure you bring at least a bottle.  Available in grape, lemon, raspberrry, cola, lemonade, orange, and lime flavours.",
            "productImageURL": "https://www.thewarehouse.co.nz/dw/image/v2/BDMG_PRD/on/demandware.static/-/Sites-twl-master-catalog/default/dw551272e9/images/hi-res/F6/D0/R2460948_30.jpg?sw=765&sh=765",
            "volume": 1500.0
        },
        "priceData": {
            "bestPrice": "1.20",
            "price": "1.20",
            "pricePerLitre": 0.7999999999999999,
            "bestPricePerLitre": 0.7999999999999999
        }
    },
    {
        "productData": {
            "name": "Nice 99% Sugar Free Grape Carbonated Beverage Drink 1.5L",
            "productId": "R2460943",
            "productShopPage": "https://www.thewarehouse.co.nz/p/product/R2460943.html",
            "productDescription": "A perfect meal partner, this Nice carbonated beverage drink brings refreshment at an affordable price.  At 99% sugar free, you'll never feel guilty as you drink more.  Best for celebrations and family gatherings, make sure you bring at least a bottle.  Available in grape, lemon, raspberrry, cola, lemonade, orange, and lime flavours.",
            "productImageURL": "https://www.thewarehouse.co.nz/dw/image/v2/BDMG_PRD/on/demandware.static/-/Sites-twl-master-catalog/default/dwe6207760/images/hi-res/19/ED/R2460943_30.jpg?sw=765&sh=765",
            "volume": 1500.0
        },
        "priceData": {
            "bestPrice": "1.20",
            "price": "1.20",
            "pricePerLitre": 0.7999999999999999,
            "bestPricePerLitre": 0.7999999999999999
        }
    },
    {
        "productData": {
            "name": "Nice 99% Sugar Free Raspberry Carbonated Beverage Drink 1.5L",
            "productId": "R2460945",
            "productShopPage": "https://www.thewarehouse.co.nz/p/product/R2460945.html",
            "productDescription": "A perfect meal partner, this Nice carbonated beverage drink brings refreshment at an affordable price.  At 99% sugar free, you'll never feel guilty as you drink more.  Best for celebrations and family gatherings, make sure you bring at least a bottle.  Available in grape, lemon, raspberrry, cola, lemonade, orange, and lime flavours.",
            "productImageURL": "https://www.thewarehouse.co.nz/dw/image/v2/BDMG_PRD/on/demandware.static/-/Sites-twl-master-catalog/default/dw6e6ec0ee/images/hi-res/56/D6/R2460945_30.jpg?sw=765&sh=765",
            "volume": 1500.0
        },
        "priceData": {
            "bestPrice": "1.20",
            "price": "1.20",
            "pricePerLitre": 0.7999999999999999,
            "bestPricePerLitre": 0.7999999999999999
        }
    },
    {
        "productData": {
            "name": "Nice 99% Sugar Free Lemonade Carbonated Beverage Drink 1.5L",
            "productId": "R2460947",
            "productShopPage": "https://www.thewarehouse.co.nz/p/product/R2460947.html",
            "productDescription": "A perfect meal partner, this Nice carbonated beverage drink brings refreshment at an affordable price.  At 99% sugar free, you'll never feel guilty as you drink more.  Best for celebrations and family gatherings, make sure you bring at least a bottle.  Available in grape, lemon, raspberrry, cola, lemonade, orange, and lime flavours.",
            "productImageURL": "https://www.thewarehouse.co.nz/dw/image/v2/BDMG_PRD/on/demandware.static/-/Sites-twl-master-catalog/default/dw734debec/images/hi-res/7A/87/R2460947_30.jpg?sw=765&sh=765",
            "volume": 1500.0
        },
        "priceData": {
            "bestPrice": "1.20",
            "price": "1.20",
            "pricePerLitre": 0.7999999999999999,
            "bestPricePerLitre": 0.7999999999999999
        }
    },
    {
        "productData": {
            "name": "Tru Blu Creda Classic Creaming Soda",
            "productId": "R2755066",
            "productShopPage": "https://www.thewarehouse.co.nz/p/product/R2755066.html",
            "productDescription": "",
            "productImageURL": "https://www.thewarehouse.co.nz/dw/image/v2/BDMG_PRD/on/demandware.static/-/Sites-twl-master-catalog/default/dw67f83b98/images/hi-res/94/67/R2755066_40.jpg?sw=765&sh=765"
        },
        "priceData": {
            "bestPrice": "1.00",
            "price": "1.00"
        }
    },
    {
        "productData": {
            "name": "Tru Blu Pub Squash Lemon Sode Squash 475ml",
            "productId": "R2755064",
            "productShopPage": "https://www.thewarehouse.co.nz/p/product/R2755064.html",
            "productDescription": "",
            "productImageURL": "https://www.thewarehouse.co.nz/dw/image/v2/BDMG_PRD/on/demandware.static/-/Sites-twl-master-catalog/default/dwce793ac6/images/hi-res/99/B5/R2755064_40.jpg?sw=765&sh=765",
            "volume": 475.0
        },
        "priceData": {
            "bestPrice": "1.00",
            "price": "1.00",
            "pricePerLitre": 2.1052631578947367,
            "bestPricePerLitre": 2.1052631578947367
        }
    },
    {
        "productData": {
            "name": "Tru Blu McSars Double Sarsparilla",
            "productId": "R2755068",
            "productShopPage": "https://www.thewarehouse.co.nz/p/product/R2755068.html",
            "productDescription": "",
            "productImageURL": "https://www.thewarehouse.co.nz/dw/image/v2/BDMG_PRD/on/demandware.static/-/Sites-twl-master-catalog/default/dw9dfce931/images/hi-res/19/75/R2755068_40.jpg?sw=765&sh=765"
        },
        "priceData": {
            "bestPrice": "1.00",
            "price": "1.00"
        }
    },
    {
        "productData": {
            "name": "Tru Blu LA Ice Cola",
            "productId": "R2755069",
            "productShopPage": "https://www.thewarehouse.co.nz/p/product/R2755069.html",
            "productDescription": "",
            "productImageURL": "https://www.thewarehouse.co.nz/dw/image/v2/BDMG_PRD/on/demandware.static/-/Sites-twl-master-catalog/default/dw692f9bc4/images/hi-res/7F/94/R2755069_40.jpg?sw=765&sh=765"
        },
        "priceData": {
            "bestPrice": "1.00",
            "price": "1.00"
        }
    },
    {
        "productData": {
            "name": "Tru Blu Lido Lemonade",
            "productId": "R2755065",
            "productShopPage": "https://www.thewarehouse.co.nz/p/product/R2755065.html",
            "productDescription": "",
            "productImageURL": "https://www.thewarehouse.co.nz/dw/image/v2/BDMG_PRD/on/demandware.static/-/Sites-twl-master-catalog/default/dwdbd0b66e/images/hi-res/67/4E/R2755065_40.jpg?sw=765&sh=765"
        },
        "priceData": {
            "bestPrice": "1.00",
            "price": "1.00"
        }
    },
    {
        "productData": {
            "name": "Wicked Energy Drink Zero 500ml",
            "productId": "R2381616",
            "productShopPage": "https://www.thewarehouse.co.nz/p/product/R2381616.html",
            "productDescription": "Get the unique energy experience that is sure to bring out your wicked side.  Drunk at work or at play, WICKED is the perfect answer for the demands of discerning Gen Y.  Get the same energy hit with WICKED ZERO.",
            "productImageURL": "https://www.thewarehouse.co.nz/dw/image/v2/BDMG_PRD/on/demandware.static/-/Sites-twl-master-catalog/default/dw60d27a8b/images/hi-res/65/D1/R2381616_40.jpg?sw=765&sh=765",
            "volume": 500.0
        },
        "priceData": {
            "bestPrice": "1.00",
            "price": "1.00",
            "pricePerLitre": 2.0,
            "bestPricePerLitre": 2.0
        }
    },
    {
        "productData": {
            "name": "Powerade Mt Blast 750ml",
            "productId": "R671608",
            "productShopPage": "https://www.thewarehouse.co.nz/p/product/R671608.html",
            "productDescription": "Made in New Zealand from imported and local ingredients. A combination of electrolytes and carbohydrates that provide effective hydration and energy. Powerade isotonic sportsdrinks contain four electrolytes - sodium, potassium, calcium and magnesium - designed to be in balance with your body’s fluids to hydrate and provide energy when you need it most. Sipper cap bottle.",
            "productImageURL": "https://www.thewarehouse.co.nz/dw/image/v2/BDMG_PRD/on/demandware.static/-/Sites-twl-master-catalog/default/dwdda253ff/images/hi-res/CC/4B/R671608_40.jpg?sw=765&sh=765",
            "volume": 750.0
        },
        "priceData": {
            "bestPrice": "3.50",
            "price": "3.50",
            "pricePerLitre": 4.666666666666666,
            "bestPricePerLitre": 4.666666666666666
        }
    },
    {
        "productData": {
            "name": "Powerade Berry Ice 750ml",
            "productId": "R671606",
            "productShopPage": "https://www.thewarehouse.co.nz/p/product/R671606.html",
            "productDescription": "Made in New Zealand from imported and local ingredients. A combination of electrolytes and carbohydrates that provide effective hydration and energy. Powerade isotonic sportsdrinks contain four electrolytes - sodium, potassium, calcium and magnesium - designed to be in balance with your body’s fluids to hydrate and provide energy when you need it most. Sipper cap bottle.",
            "productImageURL": "https://www.thewarehouse.co.nz/dw/image/v2/BDMG_PRD/on/demandware.static/-/Sites-twl-master-catalog/default/dwe58401e6/images/hi-res/E6/8A/R671606_40.jpg?sw=765&sh=765",
            "volume": 750.0
        },
        "priceData": {
            "bestPrice": "3.50",
            "price": "3.50",
            "pricePerLitre": 4.666666666666666,
            "bestPricePerLitre": 4.666666666666666
        }
    },
    {
        "productData": {
            "name": "Gatorade Fierce Berry 1L",
            "productId": "R1907052",
            "productShopPage": "https://www.thewarehouse.co.nz/p/product/R1907052.html",
            "productDescription": "For over 40 years, Gatorade has proven again and again to keep athletes hydrated and performing at their best. Original Gatorade delivers a unique formula of sodium, potassium and essential carbohydrates to your muscles and mind during the heat of battle to help you maintain your high level of performance when it matters most.",
            "productImageURL": "https://www.thewarehouse.co.nz/dw/image/v2/BDMG_PRD/on/demandware.static/-/Sites-twl-master-catalog/default/dwf51bdcda/images/hi-res/6D/95/R1907052_40.jpg?sw=765&sh=765",
            "volume": 1000.0
        },
        "priceData": {
            "bestPrice": "3.00",
            "price": "3.00",
            "pricePerLitre": 3.0,
            "bestPricePerLitre": 3.0
        }
    },
    {
        "productData": {
            "name": "BOSS Coffee Iced Latte 237ml",
            "productId": "R2628987",
            "productShopPage": "https://www.thewarehouse.co.nz/p/product/R2628987.html",
            "productDescription": "FOR THE AMBITIOUS, THE GO-GETTERS, THE THINKERS, AND VISIONARIES, SUNTORY BOSS COFFEE IS THE BRAND THAT DELIVERS FLAVOUR AND QUALITY IN ONE SIMPLE PACKAGE. WE’LL NEVER SETTLE FOR ANYTHING LESS THAN PERFECTION AND OUR PROCESS PROVES IT- WE FLASH BREW OUR BEANS TO UNLOCK RICH AROMAS BEFORE QUICKLY COOLING TO LOCK THEM IN. THIS IS WHAT DEFINES US, MAKES US UNIQUE, AND SETS US APART.",
            "productImageURL": "https://www.thewarehouse.co.nz/dw/image/v2/BDMG_PRD/on/demandware.static/-/Sites-twl-master-catalog/default/dwf709b090/images/hi-res/62/A7/R2628987_40.jpg?sw=765&sh=765",
            "volume": 237.0
        },
        "priceData": {
            "bestPrice": "3.79",
            "price": "3.79",
            "pricePerLitre": 15.9915611814346,
            "bestPricePerLitre": 15.9915611814346
        }
    },
    {
        "productData": {
            "name": "BOSS Coffee Iced Long Black 237ml",
            "productId": "R2628988",
            "productShopPage": "https://www.thewarehouse.co.nz/p/product/R2628988.html",
            "productDescription": "FOR THE AMBITIOUS, THE GO-GETTERS, THE THINKERS, AND VISIONARIES, SUNTORY BOSS COFFEE IS THE BRAND THAT DELIVERS FLAVOUR AND QUALITY IN ONE SIMPLE PACKAGE. WE’LL NEVER SETTLE FOR ANYTHING LESS THAN PERFECTION AND OUR PROCESS PROVES IT- WE FLASH BREW OUR BEANS TO UNLOCK RICH AROMAS BEFORE QUICKLY COOLING TO LOCK THEM IN. THIS IS WHAT DEFINES US, MAKES US UNIQUE, AND SETS US APART.",
            "productImageURL": "https://www.thewarehouse.co.nz/dw/image/v2/BDMG_PRD/on/demandware.static/-/Sites-twl-master-catalog/default/dw6368f607/images/hi-res/DA/4F/R2628988_40.jpg?sw=765&sh=765",
            "volume": 237.0
        },
        "priceData": {
            "bestPrice": "3.79",
            "price": "3.79",
            "pricePerLitre": 15.9915611814346,
            "bestPricePerLitre": 15.9915611814346
        }
    },
    {
        "productData": {
            "name": "BOSS Coffee Iced Vanilla Latte 237ml",
            "productId": "R2717468",
            "productShopPage": "https://www.thewarehouse.co.nz/p/product/R2717468.html",
            "productDescription": "",
            "productImageURL": "https://www.thewarehouse.co.nz/dw/image/v2/BDMG_PRD/on/demandware.static/-/Sites-twl-master-catalog/default/dw49679e56/images/hi-res/57/C6/R2717468_40.jpg?sw=765&sh=765",
            "volume": 237.0
        },
        "priceData": {
            "bestPrice": "3.79",
            "price": "3.79",
            "pricePerLitre": 15.9915611814346,
            "bestPricePerLitre": 15.9915611814346
        }
    },
    {
        "productData": {
            "name": "Red Bull Sugarfree Cans 250ml 4 Pack",
            "productId": "R1559892",
            "productShopPage": "https://www.thewarehouse.co.nz/p/product/R1559892.html",
            "productDescription": "Red Bull Energy Drink, Sugar Free, 250ml (4 pack)\nRED BULL GIVES YOU WINGS\nInspired by functional drinks from the Far East, Dietrich Mateschitz founded Red Bull in the mid-1980s. He developed a new product and a unique marketing concept and launched Red Bull Energy Drink on April 1, 1987 in Austria. A brand new product category - Energy Drinks - was born.\nWHEN TO DRINK\nRed Bull Energy Drink is appreciated worldwide by top athletes, students, and in highly demanding professions as well as during long drives.\nWHAT’S INSIDE THE CAN\nCaffeine: Caffeine was already known by ancient civilizations. They consumed it from natural sources like tea, coffee, cacao beans and cola nuts and appreciated its stimulating effects on the human body.\nB-group vitamins: Vitamins are essential micronutrients that are required for maintaining normal body functions. Taurine: Taurine is an amino acid, naturally occurring in the human body and present in the daily diet. It is involved in a wide range of biological processes.\nTaurine: Taurine is an amino acid, naturally occurring in the human body and present in the daily diet. It is involved in a wide range of biological processes.\nAspartame & Acesulfame K: Aspartame and Acesulfame K are among the most-tested and most-used sugar substitutes worldwide.\nAlpine Water: Naturally, water is a main ingredient of Red Bull.",
            "productImageURL": "https://www.thewarehouse.co.nz/dw/image/v2/BDMG_PRD/on/demandware.static/-/Sites-twl-master-catalog/default/dwfd90c372/images/hi-res/88/31/R1559892_30.jpg?sw=765&sh=765",
            "multipack": {
                "quantity": "4"
            },
            "volume": "250ml"
        },
        "priceData": {
            "bestPrice": "8.30",
            "price": "8.30",
            "pricePerLitre": 8.3,
            "bestPricePerLitre": 8.3
        }
    },
    {
        "productData": {
            "name": "Gatorade Blue Bolt 1L 1L",
            "productId": "R1907053",
            "productShopPage": "https://www.thewarehouse.co.nz/p/product/R1907053.html",
            "productDescription": "Nothing rehydrates, refuels and replenishes better than the Gatorade Blue Bolt 1L. It works by helping your body restore water, energy and mineral salts that you lose with sweat.\nFor over 40 years, Gatorade has proven again and again to keep athletes hydrated and performing at their best. Original Gatorade delivers a unique formula of sodium, potassium and essential carbohydrates to your muscles and mind during the heat of battle to help you maintain your high level of performance when it matters most.",
            "productImageURL": "https://www.thewarehouse.co.nz/dw/image/v2/BDMG_PRD/on/demandware.static/-/Sites-twl-master-catalog/default/dw2c02ef6c/images/hi-res/79/91/R1907053_40.jpg?sw=765&sh=765",
            "volume": 1000.0
        },
        "priceData": {
            "bestPrice": "3.00",
            "price": "3.00",
            "pricePerLitre": 3.0,
            "bestPricePerLitre": 3.0
        }
    },
    {
        "productData": {
            "name": "Red Bull Cans 250ml 4 Pack",
            "productId": "R501187",
            "productShopPage": "https://www.thewarehouse.co.nz/p/product/R501187.html",
            "productDescription": "Red Bull Energy Drink, 250ml (4 pack)\nRED BULL GIVES YOU WINGS\nInspired by functional drinks from the Far East, Dietrich Mateschitz founded Red Bull in the mid-1980s. He developed a new product and a unique marketing concept and launched Red Bull Energy Drink on April 1, 1987 in Austria. A brand new product category - Energy Drinks - was born.\nWHEN TO DRINK\nRed Bull Energy Drink is appreciated worldwide by top athletes, students, and in highly demanding professions as well as during long drives.\nWHAT’S INSIDE THE CAN\nCaffeine: Caffeine was already known by ancient civilisations. They consumed it from natural sources like tea, coffee, cacao beans and cola nuts and appreciated its stimulating effects on the human body.\nTaurine: Taurine is an amino acid, naturally occurring in the human body and present in the daily diet. It is involved in a wide range of biological processes.\nB-group vitamins: Vitamins are essential micronutrients that are required for maintaining normal body functions.\nSugars: Red Bull Energy Drink is made with sugar sourced from sugar beets. Alpine Water: Naturally, water is a main ingredient of Red Bull.",
            "productImageURL": "https://www.thewarehouse.co.nz/dw/image/v2/BDMG_PRD/on/demandware.static/-/Sites-twl-master-catalog/default/dwf2835ee3/images/hi-res/2B/80/R501187_30.jpg?sw=765&sh=765",
            "multipack": {
                "quantity": "4"
            },
            "volume": "250ml"
        },
        "priceData": {
            "bestPrice": "8.30",
            "price": "8.30",
            "pricePerLitre": 8.3,
            "bestPricePerLitre": 8.3
        }
    },
    {
        "productData": {
            "name": "Red Bull Energy Drink Can 473ml",
            "productId": "R1559891",
            "productShopPage": "https://www.thewarehouse.co.nz/p/product/R1559891.html",
            "productDescription": "",
            "productImageURL": "https://www.thewarehouse.co.nz/dw/image/v2/BDMG_PRD/on/demandware.static/-/Sites-twl-master-catalog/default/dw0b89e173/images/hi-res/09/F5/R1559891_30.jpg?sw=765&sh=765",
            "volume": 473.0
        },
        "priceData": {
            "bestPrice": "4.00",
            "price": "4.00",
            "pricePerLitre": 8.456659619450317,
            "bestPricePerLitre": 8.456659619450317
        }
    },
    {
        "productData": {
            "name": "BOSS Coffee Iced Long Black 237ml 4 Pack",
            "productId": "R2720433",
            "productShopPage": "https://www.thewarehouse.co.nz/p/product/R2720433.html",
            "productDescription": "",
            "productImageURL": "https://www.thewarehouse.co.nz/dw/image/v2/BDMG_PRD/on/demandware.static/-/Sites-twl-master-catalog/default/dwd864bea4/images/hi-res/37/80/R2720433_40.jpg?sw=765&sh=765",
            "multipack": {
                "quantity": "4"
            },
            "volume": "237ml"
        },
        "priceData": {
            "bestPrice": "10.99",
            "price": "10.99",
            "pricePerLitre": 11.592827004219409,
            "bestPricePerLitre": 11.592827004219409
        }
    },
    {
        "productData": {
            "name": "BOSS Coffee Iced Latte 237ml 4 Pack",
            "productId": "R2720434",
            "productShopPage": "https://www.thewarehouse.co.nz/p/product/R2720434.html",
            "productDescription": "",
            "productImageURL": "https://www.thewarehouse.co.nz/dw/image/v2/BDMG_PRD/on/demandware.static/-/Sites-twl-master-catalog/default/dwbf64c17a/images/hi-res/85/9A/R2720434_40.jpg?sw=765&sh=765",
            "multipack": {
                "quantity": "4"
            },
            "volume": "237ml"
        },
        "priceData": {
            "bestPrice": "10.99",
            "price": "10.99",
            "pricePerLitre": 11.592827004219409,
            "bestPricePerLitre": 11.592827004219409
        }
    },
    {
        "productData": {
            "name": "Wicked Energy Drink 500ml",
            "productId": "R2381615",
            "productShopPage": "https://www.thewarehouse.co.nz/p/product/R2381615.html",
            "productDescription": "Inspired by the body art phenomenon that is sweeping the globe, Wicked is an energy drink combining tattoo attitude with caffeine and taurine.",
            "productImageURL": "https://www.thewarehouse.co.nz/dw/image/v2/BDMG_PRD/on/demandware.static/-/Sites-twl-master-catalog/default/dw811c035e/images/hi-res/54/0F/R2381615_30.jpg?sw=765&sh=765",
            "volume": 500.0
        },
        "priceData": {
            "bestPrice": "1.00",
            "price": "1.00",
            "pricePerLitre": 2.0,
            "bestPricePerLitre": 2.0
        }
    },
    {
        "productData": {
            "name": "V Can 710ml",
            "productId": "R1648759",
            "productShopPage": "https://www.thewarehouse.co.nz/p/product/R1648759.html",
            "productDescription": "New Zealand's favourite energy drink providing a pick me up, on the go pack to vitalise body and mind. Containing guarana and b vitamins you can think of it as your mid-afternoon wake-up call.",
            "productImageURL": "https://www.thewarehouse.co.nz/dw/image/v2/BDMG_PRD/on/demandware.static/-/Sites-twl-master-catalog/default/dw0a362170/images/hi-res/1E/79/R1648759_40.jpg?sw=765&sh=765",
            "volume": 710.0
        },
        "priceData": {
            "bestPrice": "3.40",
            "price": "3.40",
            "pricePerLitre": 4.788732394366197,
            "bestPricePerLitre": 4.788732394366197
        }
    },
    {
        "productData": {
            "name": "V Iced Coffee+Guarana Energy 500ml",
            "productId": "R2456983",
            "productShopPage": "https://www.thewarehouse.co.nz/p/product/R2456983.html",
            "productDescription": "",
            "productImageURL": "https://www.thewarehouse.co.nz/dw/image/v2/BDMG_PRD/on/demandware.static/-/Sites-twl-master-catalog/default/dw0404c4db/images/hi-res/7B/64/R2456983_40.jpg?sw=765&sh=765",
            "volume": 500.0
        },
        "priceData": {
            "bestPrice": "1.97",
            "price": "1.97",
            "pricePerLitre": 3.94,
            "bestPricePerLitre": 3.94
        }
    },
    {
        "productData": {
            "name": "V Energy Drink Blue Can 500ml",
            "productId": "R1573117",
            "productShopPage": "https://www.thewarehouse.co.nz/p/product/R1573117.html",
            "productDescription": "V Blue's mysterious flavour is so secret that only people-in-the-know really know the recipe. Blue could be this or that, but it’s sure to give you the energy hit you're craving.",
            "productImageURL": "https://www.thewarehouse.co.nz/dw/image/v2/BDMG_PRD/on/demandware.static/-/Sites-twl-master-catalog/default/dwd43bfa45/images/hi-res/81/13/R1573117_40.jpg?sw=765&sh=765",
            "volume": 500.0
        },
        "priceData": {
            "bestPrice": "3.80",
            "price": "3.80",
            "pricePerLitre": 7.6,
            "bestPricePerLitre": 7.6
        }
    },
    {
        "productData": {
            "name": "V Energy Drink Blue Can Sugarfree 500ml",
            "productId": "R2739987",
            "productShopPage": "https://www.thewarehouse.co.nz/p/product/R2739987.html",
            "productDescription": "",
            "productImageURL": "https://www.thewarehouse.co.nz/dw/image/v2/BDMG_PRD/on/demandware.static/-/Sites-twl-master-catalog/default/dw124e70ad/images/hi-res/BD/03/R2739987_30.jpg?sw=765&sh=765",
            "volume": 500.0
        },
        "priceData": {
            "bestPrice": "3.80",
            "price": "3.80",
            "pricePerLitre": 7.6,
            "bestPricePerLitre": 7.6
        }
    },
    {
        "productData": {
            "name": "V Blue Bottle",
            "productId": "R1573116",
            "productShopPage": "https://www.thewarehouse.co.nz/p/product/R1573116.html",
            "productDescription": "The recipe of the V Blue Bottle 350ml is a mystery to most but the fact that it gives an instant energy boost is known to all. It contains guarana and is all you need to give your day, afternoon or night a kickstart.",
            "productImageURL": "https://www.thewarehouse.co.nz/dw/image/v2/BDMG_PRD/on/demandware.static/-/Sites-twl-master-catalog/default/dwe91c8f92/images/hi-res/30/46/R1573116_40.jpg?sw=765&sh=765"
        },
        "priceData": {
            "bestPrice": "3.50",
            "price": "3.50"
        }
    },
    {
        "productData": {
            "name": "V Energy Drink 250ml",
            "productId": "R151415",
            "productShopPage": "https://www.thewarehouse.co.nz/p/product/R151415.html",
            "productDescription": "New Zealand's favourite energy drink providing a pick me up, on the go pack to vitalise body and mind. Containing guarana and B vitamins you can think of it as your mid-afternoon wake-up call.",
            "productImageURL": "https://www.thewarehouse.co.nz/dw/image/v2/BDMG_PRD/on/demandware.static/-/Sites-twl-master-catalog/default/dwee1cc65c/images/hi-res/FE/EB/R151415_40.jpg?sw=765&sh=765",
            "volume": 250.0
        },
        "priceData": {
            "bestPrice": "2.00",
            "price": "2.00",
            "pricePerLitre": 8.0,
            "bestPricePerLitre": 8.0
        }
    },
    {
        "productData": {
            "name": "V Energy Drink Bottle",
            "productId": "R500135",
            "productShopPage": "https://www.thewarehouse.co.nz/p/product/R500135.html",
            "productDescription": "Vitalize your body and mind with the V Energy Drink Bottle 350ml. Enriched with guarana and vitamin B, you can think of it as your mid-afternoon wake-up call. It gives you the energy boost you need to keep going.",
            "productImageURL": "https://www.thewarehouse.co.nz/dw/image/v2/BDMG_PRD/on/demandware.static/-/Sites-twl-master-catalog/default/dw3d2eb149/images/hi-res/10/3E/R500135_40.jpg?sw=765&sh=765"
        },
        "priceData": {
            "bestPrice": "3.50",
            "price": "3.50"
        }
    },
    {
        "productData": {
            "name": "V Raspberry Lemonade 500ml",
            "productId": "R2657178",
            "productShopPage": "https://www.thewarehouse.co.nz/p/product/R2657178.html",
            "productDescription": "The trademark V energy boost with a sweet & fruity raspberry lemonade flavour. Crack open a can of V motivation and Make it Happen.",
            "productImageURL": "https://www.thewarehouse.co.nz/dw/image/v2/BDMG_PRD/on/demandware.static/-/Sites-twl-master-catalog/default/dw2a4cbcb4/images/hi-res/82/7D/R2657178_40.jpg?sw=765&sh=765",
            "volume": 500.0
        },
        "priceData": {
            "bestPrice": "3.80",
            "price": "3.80",
            "pricePerLitre": 7.6,
            "bestPricePerLitre": 7.6
        }
    },
    {
        "productData": {
            "name": "Rockstar Guava 500ml",
            "productId": "R1445715",
            "productShopPage": "https://www.thewarehouse.co.nz/p/product/R1445715.html",
            "productDescription": "Rockstar contains a potent herbal blend of guarana, ginseng and ginkgo.  This is scientifically formulated to deliver an energy punch for active and busy people - from athletes to rock stars.  Enjoy this tropical guava flavoured energy drink.  Best consumed if super chilled.",
            "productImageURL": "https://www.thewarehouse.co.nz/dw/image/v2/BDMG_PRD/on/demandware.static/-/Sites-twl-master-catalog/default/dw1886abde/images/hi-res/CE/2A/R1445715_40.jpg?sw=765&sh=765",
            "volume": 500.0
        },
        "priceData": {
            "bestPrice": "1.99",
            "price": "1.99",
            "pricePerLitre": 3.98,
            "bestPricePerLitre": 3.98
        }
    },
    {
        "productData": {
            "name": "V Energy Drink Sugar Free 350ml Bottle",
            "productId": "R671492",
            "productShopPage": "https://www.thewarehouse.co.nz/p/product/R671492.html",
            "productDescription": "V is New Zealand's favourite energy drink, having won Kiwis' hearts and taste buds since it launched in August 1997",
            "productImageURL": "https://www.thewarehouse.co.nz/dw/image/v2/BDMG_PRD/on/demandware.static/-/Sites-twl-master-catalog/default/dw7ae595ac/images/hi-res/0A/57/R671492_40.jpg?sw=765&sh=765",
            "volume": 350.0
        },
        "priceData": {
            "bestPrice": "3.50",
            "price": "3.50",
            "pricePerLitre": 10.0,
            "bestPricePerLitre": 10.0
        }
    },
    {
        "productData": {
            "name": "V Energy Drinks Can Green 500ml",
            "productId": "R1233239",
            "productShopPage": "https://www.thewarehouse.co.nz/p/product/R1233239.html",
            "productDescription": "New Zealand's favourite energy drink providing a pick me up, on the go pack to vitalise body and mind. Containing guarana and b vitamins you can think of it as your mid-afternoon wake-up call.",
            "productImageURL": "https://www.thewarehouse.co.nz/dw/image/v2/BDMG_PRD/on/demandware.static/-/Sites-twl-master-catalog/default/dw2ff23046/images/hi-res/3C/E9/R1233239_40.jpg?sw=765&sh=765",
            "volume": 500.0
        },
        "priceData": {
            "bestPrice": "3.80",
            "price": "3.80",
            "pricePerLitre": 7.6,
            "bestPricePerLitre": 7.6
        }
    },
    {
        "productData": {
            "name": "V Energy Drink Blue Can Sugarfree 250ml",
            "productId": "R2739986",
            "productShopPage": "https://www.thewarehouse.co.nz/p/product/R2739986.html",
            "productDescription": "",
            "productImageURL": "https://www.thewarehouse.co.nz/dw/image/v2/BDMG_PRD/on/demandware.static/-/Sites-twl-master-catalog/default/dw6059a991/images/hi-res/56/4A/R2739986_30.jpg?sw=765&sh=765",
            "volume": 250.0
        },
        "priceData": {
            "bestPrice": "2.00",
            "price": "2.00",
            "pricePerLitre": 8.0,
            "bestPricePerLitre": 8.0
        }
    },
    {
        "productData": {
            "name": "V Raspberry Lemonade 350ml",
            "productId": "R2657177",
            "productShopPage": "https://www.thewarehouse.co.nz/p/product/R2657177.html",
            "productDescription": "The trademark V energy boost with a sweet & fruity raspberry lemonade flavour. Crack open a can of V motivation and Make it Happen.",
            "productImageURL": "https://www.thewarehouse.co.nz/dw/image/v2/BDMG_PRD/on/demandware.static/-/Sites-twl-master-catalog/default/dw69051164/images/hi-res/F7/C6/R2657177_40.jpg?sw=765&sh=765",
            "volume": 350.0
        },
        "priceData": {
            "bestPrice": "3.50",
            "price": "3.50",
            "pricePerLitre": 10.0,
            "bestPricePerLitre": 10.0
        }
    },
    {
        "productData": {
            "name": "Mother Energy Drink Can 250ml",
            "productId": "R2197289",
            "productShopPage": "https://www.thewarehouse.co.nz/p/product/R2197289.html",
            "productDescription": "Mother is the energy drink that gives you the energy and drive to tackle life head-on.  Mother delivers full potency with a maximum 32mg of caffeine (per 100mls).",
            "productImageURL": "https://www.thewarehouse.co.nz/dw/image/v2/BDMG_PRD/on/demandware.static/-/Sites-twl-master-catalog/default/dwf5554d5b/images/hi-res/FF/C5/R2197289_40.jpg?sw=765&sh=765",
            "volume": 250.0
        },
        "priceData": {
            "bestPrice": "1.00",
            "price": "1.00",
            "pricePerLitre": 4.0,
            "bestPricePerLitre": 4.0
        }
    }
]