[
    {
        "productData": {
            "name": "FILEMETA",
            "productId": "FILEMETA",
            "productShopPage": "",
            "productImageURL": "",
            "productDescription": "THIS IS NOT A REAL PRODUCT, THIS IS METADATA OF THIS FILE"
        },
        "priceData": {
            "bestPrice": "0.00",
            "price": "0.00",
            "pricePerLitre": 0,
            "bestPricePerLitre": 0
        },
        "timestamp": "2023-01-20T11:08:02.552407",
        "siteconfig": {
            "siteMeta": {
                "name": "Fresh Choice",
                "mainURL": "freshchoice.co.nz",
                "productPrefix": ""
            },
            "regex": {
                "pricePerLitre": "\\$(\\d{1,}.\\d{1,}) (?:per ){0,}100(ml|ML|mL)",
                "multipackDetect": "(\\d{1,}\\.{0,}\\d{0,}(?:l|ml)).{0,}\\((\\d{1,}).{0,}p.{0,}k\\)",
                "altMultipackDetect": "(\\d{1,}).{0,2}(?:x|X).{0,2}(\\d{1,}ml|ML|mL)",
                "multipackDetect3": "(\\d{1,2}).{0,1}p.{0,2}k",
                "multibuy_regex": "(\\d{1,}) for \\$(\\d{1,})",
                "ppl_regex": ""
            },
            "endpoints": {
                "storeList": "https://store.freshchoice.co.nz/multipage"
            }
        }
    },
    {
        "productData": {
            "name": "Mother Energy Drink Passion 500ml",
            "productId": "mother-energy-drink-passion-500ml",
            "productShopPage": "https://epsom.store.freshchoice.co.nz/lines/mother-energy-drink-passion-500ml",
            "productImageURL": "https://dtgxwmigmg3gc.cloudfront.net/imagery/assets/derivations/icon/512/512/true/eyJpZCI6ImFkZDQ3ZmI4MGJjMmU2ZTgxNDcxNDRhYWFmOWZkYzViIiwic3RvcmFnZSI6InB1YmxpY19zdG9yZSJ9?signature=c8aea44ce6ff965b9e87fcb9f60849b0328e9b8983b9d5547e51c910f8f5368b",
            "productDescription": "",
            "volume": 500.0
        },
        "priceData": {
            "bestPrice": "3.00",
            "price": "3.00",
            "pricePerLitre": 6.0,
            "bestPricePerLitre": 6.0
        },
        "store": {
            "id": "6108c002ec2866454c0198c4",
            "name": "Epsom"
        }
    },
    {
        "productData": {
            "name": "Mother Energy Drink Black 500ml",
            "productId": "mother-energy-drink-black-500ml",
            "productShopPage": "https://epsom.store.freshchoice.co.nz/lines/mother-energy-drink-black-500ml",
            "productImageURL": "https://dtgxwmigmg3gc.cloudfront.net/imagery/assets/derivations/icon/512/512/true/eyJpZCI6IjJmNzFhZWZlNzg1ZDliYjA2ZmY3Yzk4YjhjZWE0YWQyIiwic3RvcmFnZSI6InB1YmxpY19zdG9yZSJ9?signature=68857e86725ce2ac5ed56f14b1373cb97fd6dc305d2081d157559aa4343456de",
            "productDescription": "",
            "volume": 500.0
        },
        "priceData": {
            "bestPrice": "3.00",
            "price": "3.00",
            "pricePerLitre": 6.0,
            "bestPricePerLitre": 6.0
        },
        "store": {
            "id": "6108c002ec2866454c0198c4",
            "name": "Epsom"
        }
    },
    {
        "productData": {
            "name": "Mother Energy Drink Epic Swell 500ml",
            "productId": "mother-epic-swell-energy-drink-twisted-apple-500ml",
            "productShopPage": "https://epsom.store.freshchoice.co.nz/lines/mother-epic-swell-energy-drink-twisted-apple-500ml",
            "productImageURL": "https://dtgxwmigmg3gc.cloudfront.net/imagery/assets/derivations/icon/512/512/true/eyJpZCI6IjE3NGY3OWU3NDkwYTQ5MGE4NGFkNjYzZjVlODdjNzlmIiwic3RvcmFnZSI6InB1YmxpY19zdG9yZSJ9?signature=8b8c94eb83ff8e282e2c9309d499d02862cc0d052bea74cb186828b6e121cc4e",
            "productDescription": "",
            "volume": 500.0
        },
        "priceData": {
            "bestPrice": "3.00",
            "price": "3.00",
            "pricePerLitre": 6.0,
            "bestPricePerLitre": 6.0
        },
        "store": {
            "id": "6108c002ec2866454c0198c4",
            "name": "Epsom"
        }
    },
    {
        "productData": {
            "name": "Mother Kicked Apple 500ml",
            "productId": "mother-kicked-apple-500ml",
            "productShopPage": "https://epsom.store.freshchoice.co.nz/lines/mother-kicked-apple-500ml",
            "productImageURL": "https://dtgxwmigmg3gc.cloudfront.net/imagery/assets/derivations/icon/512/512/true/eyJpZCI6ImMzOWU5YzQxMmNkZDUyYjViNDQxNzA3YTA4NjA0MTAxIiwic3RvcmFnZSI6InB1YmxpY19zdG9yZSJ9?signature=396d7ff70c826209285a8d2d6495a0efc260a4f5c8be58e3d78a5de341573c25",
            "productDescription": "",
            "volume": 500.0
        },
        "priceData": {
            "bestPrice": "3.00",
            "price": "3.00",
            "pricePerLitre": 6.0,
            "bestPricePerLitre": 6.0
        },
        "store": {
            "id": "6108c002ec2866454c0198c4",
            "name": "Epsom"
        }
    },
    {
        "productData": {
            "name": "Mother Tropical Blast 500ml",
            "productId": "mother-tropical-blast-500ml",
            "productShopPage": "https://epsom.store.freshchoice.co.nz/lines/mother-tropical-blast-500ml",
            "productImageURL": "https://dtgxwmigmg3gc.cloudfront.net/imagery/assets/derivations/icon/512/512/true/eyJpZCI6IjgxNGFjNDk1YjdiOTNmYmY5MzIzNDE4MWU5OGFkZjQ3Iiwic3RvcmFnZSI6InB1YmxpY19zdG9yZSJ9?signature=8768d3d83fe417a9817108eef2b9ac6d2e934722a08ec4f9735cec204258a160",
            "productDescription": "",
            "volume": 500.0
        },
        "priceData": {
            "bestPrice": "3.00",
            "price": "3.00",
            "pricePerLitre": 6.0,
            "bestPricePerLitre": 6.0
        },
        "store": {
            "id": "6108c002ec2866454c0198c4",
            "name": "Epsom"
        }
    },
    {
        "productData": {
            "name": "Mother Energy Drink Passion 500ml",
            "productId": "mother-energy-drink-passion-500ml",
            "productShopPage": "https://gleneden.store.freshchoice.co.nz/lines/mother-energy-drink-passion-500ml",
            "productImageURL": "https://dtgxwmigmg3gc.cloudfront.net/imagery/assets/derivations/icon/512/512/true/eyJpZCI6ImFkZDQ3ZmI4MGJjMmU2ZTgxNDcxNDRhYWFmOWZkYzViIiwic3RvcmFnZSI6InB1YmxpY19zdG9yZSJ9?signature=c8aea44ce6ff965b9e87fcb9f60849b0328e9b8983b9d5547e51c910f8f5368b",
            "productDescription": "",
            "volume": 500.0
        },
        "priceData": {
            "bestPrice": "3.00",
            "price": "3.00",
            "pricePerLitre": 6.0,
            "bestPricePerLitre": 6.0
        },
        "store": {
            "id": "5d71a2f042cdd728db000b75",
            "name": "Glen Eden"
        }
    },
    {
        "productData": {
            "name": "Mother Energy Drink Black 500ml",
            "productId": "mother-energy-drink-black-500ml",
            "productShopPage": "https://gleneden.store.freshchoice.co.nz/lines/mother-energy-drink-black-500ml",
            "productImageURL": "https://dtgxwmigmg3gc.cloudfront.net/imagery/assets/derivations/icon/512/512/true/eyJpZCI6IjJmNzFhZWZlNzg1ZDliYjA2ZmY3Yzk4YjhjZWE0YWQyIiwic3RvcmFnZSI6InB1YmxpY19zdG9yZSJ9?signature=68857e86725ce2ac5ed56f14b1373cb97fd6dc305d2081d157559aa4343456de",
            "productDescription": "",
            "volume": 500.0
        },
        "priceData": {
            "bestPrice": "3.00",
            "price": "3.00",
            "pricePerLitre": 6.0,
            "bestPricePerLitre": 6.0
        },
        "store": {
            "id": "5d71a2f042cdd728db000b75",
            "name": "Glen Eden"
        }
    },
    {
        "productData": {
            "name": "Mother Energy Drink Epic Swell 500ml",
            "productId": "mother-epic-swell-energy-drink-twisted-apple-500ml",
            "productShopPage": "https://gleneden.store.freshchoice.co.nz/lines/mother-epic-swell-energy-drink-twisted-apple-500ml",
            "productImageURL": "https://dtgxwmigmg3gc.cloudfront.net/imagery/assets/derivations/icon/512/512/true/eyJpZCI6IjE3NGY3OWU3NDkwYTQ5MGE4NGFkNjYzZjVlODdjNzlmIiwic3RvcmFnZSI6InB1YmxpY19zdG9yZSJ9?signature=8b8c94eb83ff8e282e2c9309d499d02862cc0d052bea74cb186828b6e121cc4e",
            "productDescription": "",
            "volume": 500.0
        },
        "priceData": {
            "bestPrice": "3.00",
            "price": "3.00",
            "pricePerLitre": 6.0,
            "bestPricePerLitre": 6.0
        },
        "store": {
            "id": "5d71a2f042cdd728db000b75",
            "name": "Glen Eden"
        }
    },
    {
        "productData": {
            "name": "Mother Kicked Apple 500ml",
            "productId": "mother-kicked-apple-500ml",
            "productShopPage": "https://gleneden.store.freshchoice.co.nz/lines/mother-kicked-apple-500ml",
            "productImageURL": "https://dtgxwmigmg3gc.cloudfront.net/imagery/assets/derivations/icon/512/512/true/eyJpZCI6ImMzOWU5YzQxMmNkZDUyYjViNDQxNzA3YTA4NjA0MTAxIiwic3RvcmFnZSI6InB1YmxpY19zdG9yZSJ9?signature=396d7ff70c826209285a8d2d6495a0efc260a4f5c8be58e3d78a5de341573c25",
            "productDescription": "",
            "volume": 500.0
        },
        "priceData": {
            "bestPrice": "3.00",
            "price": "3.00",
            "pricePerLitre": 6.0,
            "bestPricePerLitre": 6.0
        },
        "store": {
            "id": "5d71a2f042cdd728db000b75",
            "name": "Glen Eden"
        }
    },
    {
        "productData": {
            "name": "Mother Tropical Blast 500ml",
            "productId": "mother-tropical-blast-500ml",
            "productShopPage": "https://gleneden.store.freshchoice.co.nz/lines/mother-tropical-blast-500ml",
            "productImageURL": "https://dtgxwmigmg3gc.cloudfront.net/imagery/assets/derivations/icon/512/512/true/eyJpZCI6IjgxNGFjNDk1YjdiOTNmYmY5MzIzNDE4MWU5OGFkZjQ3Iiwic3RvcmFnZSI6InB1YmxpY19zdG9yZSJ9?signature=8768d3d83fe417a9817108eef2b9ac6d2e934722a08ec4f9735cec204258a160",
            "productDescription": "",
            "volume": 500.0
        },
        "priceData": {
            "bestPrice": "3.00",
            "price": "3.00",
            "pricePerLitre": 6.0,
            "bestPricePerLitre": 6.0
        },
        "store": {
            "id": "5d71a2f042cdd728db000b75",
            "name": "Glen Eden"
        }
    },
    {
        "productData": {
            "name": "Mother Energy Drink Passion 500ml",
            "productId": "mother-energy-drink-passion-500ml",
            "productShopPage": "https://greytown.store.freshchoice.co.nz/lines/mother-energy-drink-passion-500ml",
            "productImageURL": "https://dtgxwmigmg3gc.cloudfront.net/imagery/assets/derivations/icon/512/512/true/eyJpZCI6ImFkZDQ3ZmI4MGJjMmU2ZTgxNDcxNDRhYWFmOWZkYzViIiwic3RvcmFnZSI6InB1YmxpY19zdG9yZSJ9?signature=c8aea44ce6ff965b9e87fcb9f60849b0328e9b8983b9d5547e51c910f8f5368b",
            "productDescription": "",
            "volume": 500.0
        },
        "priceData": {
            "bestPrice": 2.0,
            "price": "2.50",
            "multiBuy": {
                "quantity": 2.0,
                "value": 4.0,
                "perUnit": 2.0
            },
            "pricePerLitre": 5.0,
            "bestPricePerLitre": 4.0
        },
        "store": {
            "id": "5c8f2abb777a4233c400918b",
            "name": "Greytown"
        }
    },
    {
        "productData": {
            "name": "Mother Energy Drink Black 500ml",
            "productId": "mother-energy-drink-black-500ml",
            "productShopPage": "https://greytown.store.freshchoice.co.nz/lines/mother-energy-drink-black-500ml",
            "productImageURL": "https://dtgxwmigmg3gc.cloudfront.net/imagery/assets/derivations/icon/512/512/true/eyJpZCI6IjJmNzFhZWZlNzg1ZDliYjA2ZmY3Yzk4YjhjZWE0YWQyIiwic3RvcmFnZSI6InB1YmxpY19zdG9yZSJ9?signature=68857e86725ce2ac5ed56f14b1373cb97fd6dc305d2081d157559aa4343456de",
            "productDescription": "",
            "volume": 500.0
        },
        "priceData": {
            "bestPrice": 2.0,
            "price": "3.00",
            "multiBuy": {
                "quantity": 2.0,
                "value": 4.0,
                "perUnit": 2.0
            },
            "pricePerLitre": 6.0,
            "bestPricePerLitre": 4.0
        },
        "store": {
            "id": "5c8f2abb777a4233c400918b",
            "name": "Greytown"
        }
    },
    {
        "productData": {
            "name": "Mother Energy Drink Epic Swell 500ml",
            "productId": "mother-epic-swell-energy-drink-twisted-apple-500ml",
            "productShopPage": "https://greytown.store.freshchoice.co.nz/lines/mother-epic-swell-energy-drink-twisted-apple-500ml",
            "productImageURL": "https://dtgxwmigmg3gc.cloudfront.net/imagery/assets/derivations/icon/512/512/true/eyJpZCI6IjE3NGY3OWU3NDkwYTQ5MGE4NGFkNjYzZjVlODdjNzlmIiwic3RvcmFnZSI6InB1YmxpY19zdG9yZSJ9?signature=8b8c94eb83ff8e282e2c9309d499d02862cc0d052bea74cb186828b6e121cc4e",
            "productDescription": "",
            "volume": 500.0
        },
        "priceData": {
            "bestPrice": 2.0,
            "price": "2.50",
            "multiBuy": {
                "quantity": 2.0,
                "value": 4.0,
                "perUnit": 2.0
            },
            "pricePerLitre": 5.0,
            "bestPricePerLitre": 4.0
        },
        "store": {
            "id": "5c8f2abb777a4233c400918b",
            "name": "Greytown"
        }
    },
    {
        "productData": {
            "name": "Monster Mother Energy Drink Razzle Berry Zero Sugar 500ml",
            "productId": "mother-energy-drink-zero-sugar-razzle-berry-500ml",
            "productShopPage": "https://greytown.store.freshchoice.co.nz/lines/mother-energy-drink-zero-sugar-razzle-berry-500ml",
            "productImageURL": "https://dtgxwmigmg3gc.cloudfront.net/imagery/assets/derivations/icon/512/512/true/eyJpZCI6IjE0OTE5ZWMwMTcyZmM0OGIxNTlhY2Q1NzZkMmFkNzIzIiwic3RvcmFnZSI6InB1YmxpY19zdG9yZSJ9?signature=2f97217761116946002db6894d485c767ed5d6e5ce8f9ca8359272dcd0bbf27e",
            "productDescription": "",
            "volume": 500.0
        },
        "priceData": {
            "bestPrice": 2.0,
            "price": "2.50",
            "multiBuy": {
                "quantity": 2.0,
                "value": 4.0,
                "perUnit": 2.0
            },
            "pricePerLitre": 5.0,
            "bestPricePerLitre": 4.0
        },
        "store": {
            "id": "5c8f2abb777a4233c400918b",
            "name": "Greytown"
        }
    },
    {
        "productData": {
            "name": "Mother Tropical Blast 500ml",
            "productId": "mother-tropical-blast-500ml",
            "productShopPage": "https://greytown.store.freshchoice.co.nz/lines/mother-tropical-blast-500ml",
            "productImageURL": "https://dtgxwmigmg3gc.cloudfront.net/imagery/assets/derivations/icon/512/512/true/eyJpZCI6IjgxNGFjNDk1YjdiOTNmYmY5MzIzNDE4MWU5OGFkZjQ3Iiwic3RvcmFnZSI6InB1YmxpY19zdG9yZSJ9?signature=8768d3d83fe417a9817108eef2b9ac6d2e934722a08ec4f9735cec204258a160",
            "productDescription": "",
            "volume": 500.0
        },
        "priceData": {
            "bestPrice": 2.0,
            "price": "2.50",
            "multiBuy": {
                "quantity": 2.0,
                "value": 4.0,
                "perUnit": 2.0
            },
            "pricePerLitre": 5.0,
            "bestPricePerLitre": 4.0
        },
        "store": {
            "id": "5c8f2abb777a4233c400918b",
            "name": "Greytown"
        }
    },
    {
        "productData": {
            "name": "Mother Energy Drink Passion 500ml",
            "productId": "mother-energy-drink-passion-500ml",
            "productShopPage": "https://halfmoonbay.store.freshchoice.co.nz/lines/mother-energy-drink-passion-500ml",
            "productImageURL": "https://dtgxwmigmg3gc.cloudfront.net/imagery/assets/derivations/icon/512/512/true/eyJpZCI6ImFkZDQ3ZmI4MGJjMmU2ZTgxNDcxNDRhYWFmOWZkYzViIiwic3RvcmFnZSI6InB1YmxpY19zdG9yZSJ9?signature=c8aea44ce6ff965b9e87fcb9f60849b0328e9b8983b9d5547e51c910f8f5368b",
            "productDescription": "",
            "volume": 500.0
        },
        "priceData": {
            "bestPrice": 2.0,
            "price": "3.00",
            "multiBuy": {
                "quantity": 2.0,
                "value": 4.0,
                "perUnit": 2.0
            },
            "pricePerLitre": 6.0,
            "bestPricePerLitre": 4.0
        },
        "store": {
            "id": "5e7371b4fbe98b620608bb56",
            "name": "Half Moon Bay"
        }
    },
    {
        "productData": {
            "name": "Mother Energy Drink Black 500ml",
            "productId": "mother-energy-drink-black-500ml",
            "productShopPage": "https://halfmoonbay.store.freshchoice.co.nz/lines/mother-energy-drink-black-500ml",
            "productImageURL": "https://dtgxwmigmg3gc.cloudfront.net/imagery/assets/derivations/icon/512/512/true/eyJpZCI6IjJmNzFhZWZlNzg1ZDliYjA2ZmY3Yzk4YjhjZWE0YWQyIiwic3RvcmFnZSI6InB1YmxpY19zdG9yZSJ9?signature=68857e86725ce2ac5ed56f14b1373cb97fd6dc305d2081d157559aa4343456de",
            "productDescription": "",
            "volume": 500.0
        },
        "priceData": {
            "bestPrice": 2.0,
            "price": "3.00",
            "multiBuy": {
                "quantity": 2.0,
                "value": 4.0,
                "perUnit": 2.0
            },
            "pricePerLitre": 6.0,
            "bestPricePerLitre": 4.0
        },
        "store": {
            "id": "5e7371b4fbe98b620608bb56",
            "name": "Half Moon Bay"
        }
    },
    {
        "productData": {
            "name": "Mother Energy Drink Epic Swell 500ml",
            "productId": "mother-epic-swell-energy-drink-twisted-apple-500ml",
            "productShopPage": "https://halfmoonbay.store.freshchoice.co.nz/lines/mother-epic-swell-energy-drink-twisted-apple-500ml",
            "productImageURL": "https://dtgxwmigmg3gc.cloudfront.net/imagery/assets/derivations/icon/512/512/true/eyJpZCI6IjE3NGY3OWU3NDkwYTQ5MGE4NGFkNjYzZjVlODdjNzlmIiwic3RvcmFnZSI6InB1YmxpY19zdG9yZSJ9?signature=8b8c94eb83ff8e282e2c9309d499d02862cc0d052bea74cb186828b6e121cc4e",
            "productDescription": "",
            "volume": 500.0
        },
        "priceData": {
            "bestPrice": 2.0,
            "price": "3.00",
            "multiBuy": {
                "quantity": 2.0,
                "value": 4.0,
                "perUnit": 2.0
            },
            "pricePerLitre": 6.0,
            "bestPricePerLitre": 4.0
        },
        "store": {
            "id": "5e7371b4fbe98b620608bb56",
            "name": "Half Moon Bay"
        }
    },
    {
        "productData": {
            "name": "Mother Energy Drink Cans 250ml 6 Pack",
            "productId": "mother-energy-drink-6x250ml-cans",
            "productShopPage": "https://halfmoonbay.store.freshchoice.co.nz/lines/mother-energy-drink-6x250ml-cans",
            "productImageURL": "https://dtgxwmigmg3gc.cloudfront.net/imagery/assets/derivations/icon/512/512/true/eyJpZCI6ImE3YzU5MGNmNzUxYjYwODA3YjAyNGRkNWU3M2Y3ODQwIiwic3RvcmFnZSI6InB1YmxpY19zdG9yZSJ9?signature=da27b83249d2fb2bcb071e7a17ad7869d7f337f48a00448e90c46e18353cf0fa",
            "productDescription": "",
            "volume": 250.0
        },
        "priceData": {
            "bestPrice": "6.50",
            "price": "6.50",
            "multipack": {
                "quantity": 6.0
            },
            "pricePerLitre": 4.333333333333333,
            "bestPricePerLitre": 4.333333333333333
        },
        "store": {
            "id": "5e7371b4fbe98b620608bb56",
            "name": "Half Moon Bay"
        }
    },
    {
        "productData": {
            "name": "Mother Kicked Apple 500ml",
            "productId": "mother-kicked-apple-500ml",
            "productShopPage": "https://halfmoonbay.store.freshchoice.co.nz/lines/mother-kicked-apple-500ml",
            "productImageURL": "https://dtgxwmigmg3gc.cloudfront.net/imagery/assets/derivations/icon/512/512/true/eyJpZCI6ImMzOWU5YzQxMmNkZDUyYjViNDQxNzA3YTA4NjA0MTAxIiwic3RvcmFnZSI6InB1YmxpY19zdG9yZSJ9?signature=396d7ff70c826209285a8d2d6495a0efc260a4f5c8be58e3d78a5de341573c25",
            "productDescription": "",
            "volume": 500.0
        },
        "priceData": {
            "bestPrice": 2.0,
            "price": "3.00",
            "multiBuy": {
                "quantity": 2.0,
                "value": 4.0,
                "perUnit": 2.0
            },
            "pricePerLitre": 6.0,
            "bestPricePerLitre": 4.0
        },
        "store": {
            "id": "5e7371b4fbe98b620608bb56",
            "name": "Half Moon Bay"
        }
    },
    {
        "productData": {
            "name": "Mother Tropical Blast 500ml",
            "productId": "mother-tropical-blast-500ml",
            "productShopPage": "https://halfmoonbay.store.freshchoice.co.nz/lines/mother-tropical-blast-500ml",
            "productImageURL": "https://dtgxwmigmg3gc.cloudfront.net/imagery/assets/derivations/icon/512/512/true/eyJpZCI6IjgxNGFjNDk1YjdiOTNmYmY5MzIzNDE4MWU5OGFkZjQ3Iiwic3RvcmFnZSI6InB1YmxpY19zdG9yZSJ9?signature=8768d3d83fe417a9817108eef2b9ac6d2e934722a08ec4f9735cec204258a160",
            "productDescription": "",
            "volume": 500.0
        },
        "priceData": {
            "bestPrice": 2.0,
            "price": "3.00",
            "multiBuy": {
                "quantity": 2.0,
                "value": 4.0,
                "perUnit": 2.0
            },
            "pricePerLitre": 6.0,
            "bestPricePerLitre": 4.0
        },
        "store": {
            "id": "5e7371b4fbe98b620608bb56",
            "name": "Half Moon Bay"
        }
    },
    {
        "productData": {
            "name": "Mother Energy Drink Passion 500ml",
            "productId": "mother-energy-drink-passion-500ml",
            "productShopPage": "https://leamington.store.freshchoice.co.nz/lines/mother-energy-drink-passion-500ml",
            "productImageURL": "https://dtgxwmigmg3gc.cloudfront.net/imagery/assets/derivations/icon/512/512/true/eyJpZCI6ImFkZDQ3ZmI4MGJjMmU2ZTgxNDcxNDRhYWFmOWZkYzViIiwic3RvcmFnZSI6InB1YmxpY19zdG9yZSJ9?signature=c8aea44ce6ff965b9e87fcb9f60849b0328e9b8983b9d5547e51c910f8f5368b",
            "productDescription": "",
            "volume": 500.0
        },
        "priceData": {
            "bestPrice": "3.00",
            "price": "3.00",
            "pricePerLitre": 6.0,
            "bestPricePerLitre": 6.0
        },
        "store": {
            "id": "5e755b8960b75a4d0a0a9f8c",
            "name": "Leamington"
        }
    },
    {
        "productData": {
            "name": "Mother Energy Drink Black 500ml",
            "productId": "mother-energy-drink-black-500ml",
            "productShopPage": "https://leamington.store.freshchoice.co.nz/lines/mother-energy-drink-black-500ml",
            "productImageURL": "https://dtgxwmigmg3gc.cloudfront.net/imagery/assets/derivations/icon/512/512/true/eyJpZCI6IjJmNzFhZWZlNzg1ZDliYjA2ZmY3Yzk4YjhjZWE0YWQyIiwic3RvcmFnZSI6InB1YmxpY19zdG9yZSJ9?signature=68857e86725ce2ac5ed56f14b1373cb97fd6dc305d2081d157559aa4343456de",
            "productDescription": "",
            "volume": 500.0
        },
        "priceData": {
            "bestPrice": "3.00",
            "price": "3.00",
            "pricePerLitre": 6.0,
            "bestPricePerLitre": 6.0
        },
        "store": {
            "id": "5e755b8960b75a4d0a0a9f8c",
            "name": "Leamington"
        }
    },
    {
        "productData": {
            "name": "Mother Energy Drink Epic Swell 500ml",
            "productId": "mother-epic-swell-energy-drink-twisted-apple-500ml",
            "productShopPage": "https://leamington.store.freshchoice.co.nz/lines/mother-epic-swell-energy-drink-twisted-apple-500ml",
            "productImageURL": "https://dtgxwmigmg3gc.cloudfront.net/imagery/assets/derivations/icon/512/512/true/eyJpZCI6IjE3NGY3OWU3NDkwYTQ5MGE4NGFkNjYzZjVlODdjNzlmIiwic3RvcmFnZSI6InB1YmxpY19zdG9yZSJ9?signature=8b8c94eb83ff8e282e2c9309d499d02862cc0d052bea74cb186828b6e121cc4e",
            "productDescription": "",
            "volume": 500.0
        },
        "priceData": {
            "bestPrice": "3.00",
            "price": "3.00",
            "pricePerLitre": 6.0,
            "bestPricePerLitre": 6.0
        },
        "store": {
            "id": "5e755b8960b75a4d0a0a9f8c",
            "name": "Leamington"
        }
    },
    {
        "productData": {
            "name": "Monster Mother Energy Drink Razzle Berry Zero Sugar 500ml",
            "productId": "mother-energy-drink-zero-sugar-razzle-berry-500ml",
            "productShopPage": "https://leamington.store.freshchoice.co.nz/lines/mother-energy-drink-zero-sugar-razzle-berry-500ml",
            "productImageURL": "https://dtgxwmigmg3gc.cloudfront.net/imagery/assets/derivations/icon/512/512/true/eyJpZCI6IjE0OTE5ZWMwMTcyZmM0OGIxNTlhY2Q1NzZkMmFkNzIzIiwic3RvcmFnZSI6InB1YmxpY19zdG9yZSJ9?signature=2f97217761116946002db6894d485c767ed5d6e5ce8f9ca8359272dcd0bbf27e",
            "productDescription": "",
            "volume": 500.0
        },
        "priceData": {
            "bestPrice": "3.00",
            "price": "3.00",
            "pricePerLitre": 6.0,
            "bestPricePerLitre": 6.0
        },
        "store": {
            "id": "5e755b8960b75a4d0a0a9f8c",
            "name": "Leamington"
        }
    },
    {
        "productData": {
            "name": "Mother Energy Drink Cans 250ml 6 Pack",
            "productId": "mother-energy-drink-6x250ml-cans",
            "productShopPage": "https://leamington.store.freshchoice.co.nz/lines/mother-energy-drink-6x250ml-cans",
            "productImageURL": "https://dtgxwmigmg3gc.cloudfront.net/imagery/assets/derivations/icon/512/512/true/eyJpZCI6ImE3YzU5MGNmNzUxYjYwODA3YjAyNGRkNWU3M2Y3ODQwIiwic3RvcmFnZSI6InB1YmxpY19zdG9yZSJ9?signature=da27b83249d2fb2bcb071e7a17ad7869d7f337f48a00448e90c46e18353cf0fa",
            "productDescription": "",
            "volume": 250.0
        },
        "priceData": {
            "bestPrice": "7.50",
            "price": "7.50",
            "multipack": {
                "quantity": 6.0
            },
            "pricePerLitre": 5.0,
            "bestPricePerLitre": 5.0
        },
        "store": {
            "id": "5e755b8960b75a4d0a0a9f8c",
            "name": "Leamington"
        }
    },
    {
        "productData": {
            "name": "Mother Kicked Apple 500ml",
            "productId": "mother-kicked-apple-500ml",
            "productShopPage": "https://leamington.store.freshchoice.co.nz/lines/mother-kicked-apple-500ml",
            "productImageURL": "https://dtgxwmigmg3gc.cloudfront.net/imagery/assets/derivations/icon/512/512/true/eyJpZCI6ImMzOWU5YzQxMmNkZDUyYjViNDQxNzA3YTA4NjA0MTAxIiwic3RvcmFnZSI6InB1YmxpY19zdG9yZSJ9?signature=396d7ff70c826209285a8d2d6495a0efc260a4f5c8be58e3d78a5de341573c25",
            "productDescription": "",
            "volume": 500.0
        },
        "priceData": {
            "bestPrice": "3.00",
            "price": "3.00",
            "pricePerLitre": 6.0,
            "bestPricePerLitre": 6.0
        },
        "store": {
            "id": "5e755b8960b75a4d0a0a9f8c",
            "name": "Leamington"
        }
    },
    {
        "productData": {
            "name": "Mother Tropical Blast 500ml",
            "productId": "mother-tropical-blast-500ml",
            "productShopPage": "https://leamington.store.freshchoice.co.nz/lines/mother-tropical-blast-500ml",
            "productImageURL": "https://dtgxwmigmg3gc.cloudfront.net/imagery/assets/derivations/icon/512/512/true/eyJpZCI6IjgxNGFjNDk1YjdiOTNmYmY5MzIzNDE4MWU5OGFkZjQ3Iiwic3RvcmFnZSI6InB1YmxpY19zdG9yZSJ9?signature=8768d3d83fe417a9817108eef2b9ac6d2e934722a08ec4f9735cec204258a160",
            "productDescription": "",
            "volume": 500.0
        },
        "priceData": {
            "bestPrice": "3.00",
            "price": "3.00",
            "pricePerLitre": 6.0,
            "bestPricePerLitre": 6.0
        },
        "store": {
            "id": "5e755b8960b75a4d0a0a9f8c",
            "name": "Leamington"
        }
    },
    {
        "productData": {
            "name": "Mother Energy Drink Passion 500ml",
            "productId": "mother-energy-drink-passion-500ml",
            "productShopPage": "https://mangerebridge.store.freshchoice.co.nz/lines/mother-energy-drink-passion-500ml",
            "productImageURL": "https://dtgxwmigmg3gc.cloudfront.net/imagery/assets/derivations/icon/512/512/true/eyJpZCI6ImFkZDQ3ZmI4MGJjMmU2ZTgxNDcxNDRhYWFmOWZkYzViIiwic3RvcmFnZSI6InB1YmxpY19zdG9yZSJ9?signature=c8aea44ce6ff965b9e87fcb9f60849b0328e9b8983b9d5547e51c910f8f5368b",
            "productDescription": "",
            "volume": 500.0
        },
        "priceData": {
            "bestPrice": 2.0,
            "price": "3.00",
            "multiBuy": {
                "quantity": 2.0,
                "value": 4.0,
                "perUnit": 2.0
            },
            "pricePerLitre": 6.0,
            "bestPricePerLitre": 4.0
        },
        "store": {
            "id": "5e5ee6e1d7477678280819d5",
            "name": "Mangere Bridge"
        }
    },
    {
        "productData": {
            "name": "Mother Energy Drink Black 500ml",
            "productId": "mother-energy-drink-black-500ml",
            "productShopPage": "https://mangerebridge.store.freshchoice.co.nz/lines/mother-energy-drink-black-500ml",
            "productImageURL": "https://dtgxwmigmg3gc.cloudfront.net/imagery/assets/derivations/icon/512/512/true/eyJpZCI6IjJmNzFhZWZlNzg1ZDliYjA2ZmY3Yzk4YjhjZWE0YWQyIiwic3RvcmFnZSI6InB1YmxpY19zdG9yZSJ9?signature=68857e86725ce2ac5ed56f14b1373cb97fd6dc305d2081d157559aa4343456de",
            "productDescription": "",
            "volume": 500.0
        },
        "priceData": {
            "bestPrice": 2.0,
            "price": "3.00",
            "multiBuy": {
                "quantity": 2.0,
                "value": 4.0,
                "perUnit": 2.0
            },
            "pricePerLitre": 6.0,
            "bestPricePerLitre": 4.0
        },
        "store": {
            "id": "5e5ee6e1d7477678280819d5",
            "name": "Mangere Bridge"
        }
    },
    {
        "productData": {
            "name": "Mother Energy Drink Epic Swell 500ml",
            "productId": "mother-epic-swell-energy-drink-twisted-apple-500ml",
            "productShopPage": "https://mangerebridge.store.freshchoice.co.nz/lines/mother-epic-swell-energy-drink-twisted-apple-500ml",
            "productImageURL": "https://dtgxwmigmg3gc.cloudfront.net/imagery/assets/derivations/icon/512/512/true/eyJpZCI6IjE3NGY3OWU3NDkwYTQ5MGE4NGFkNjYzZjVlODdjNzlmIiwic3RvcmFnZSI6InB1YmxpY19zdG9yZSJ9?signature=8b8c94eb83ff8e282e2c9309d499d02862cc0d052bea74cb186828b6e121cc4e",
            "productDescription": "",
            "volume": 500.0
        },
        "priceData": {
            "bestPrice": 2.0,
            "price": "3.00",
            "multiBuy": {
                "quantity": 2.0,
                "value": 4.0,
                "perUnit": 2.0
            },
            "pricePerLitre": 6.0,
            "bestPricePerLitre": 4.0
        },
        "store": {
            "id": "5e5ee6e1d7477678280819d5",
            "name": "Mangere Bridge"
        }
    },
    {
        "productData": {
            "name": "Monster Mother Energy Drink Razzle Berry Zero Sugar 500ml",
            "productId": "mother-energy-drink-zero-sugar-razzle-berry-500ml",
            "productShopPage": "https://mangerebridge.store.freshchoice.co.nz/lines/mother-energy-drink-zero-sugar-razzle-berry-500ml",
            "productImageURL": "https://dtgxwmigmg3gc.cloudfront.net/imagery/assets/derivations/icon/512/512/true/eyJpZCI6IjE0OTE5ZWMwMTcyZmM0OGIxNTlhY2Q1NzZkMmFkNzIzIiwic3RvcmFnZSI6InB1YmxpY19zdG9yZSJ9?signature=2f97217761116946002db6894d485c767ed5d6e5ce8f9ca8359272dcd0bbf27e",
            "productDescription": "",
            "volume": 500.0
        },
        "priceData": {
            "bestPrice": 2.0,
            "price": "3.00",
            "multiBuy": {
                "quantity": 2.0,
                "value": 4.0,
                "perUnit": 2.0
            },
            "pricePerLitre": 6.0,
            "bestPricePerLitre": 4.0
        },
        "store": {
            "id": "5e5ee6e1d7477678280819d5",
            "name": "Mangere Bridge"
        }
    },
    {
        "productData": {
            "name": "Mother Energy Drink Cans 250ml 6 Pack",
            "productId": "mother-energy-drink-6x250ml-cans",
            "productShopPage": "https://mangerebridge.store.freshchoice.co.nz/lines/mother-energy-drink-6x250ml-cans",
            "productImageURL": "https://dtgxwmigmg3gc.cloudfront.net/imagery/assets/derivations/icon/512/512/true/eyJpZCI6ImE3YzU5MGNmNzUxYjYwODA3YjAyNGRkNWU3M2Y3ODQwIiwic3RvcmFnZSI6InB1YmxpY19zdG9yZSJ9?signature=da27b83249d2fb2bcb071e7a17ad7869d7f337f48a00448e90c46e18353cf0fa",
            "productDescription": "",
            "volume": 250.0
        },
        "priceData": {
            "bestPrice": "6.50",
            "price": "6.50",
            "multipack": {
                "quantity": 6.0
            },
            "pricePerLitre": 4.333333333333333,
            "bestPricePerLitre": 4.333333333333333
        },
        "store": {
            "id": "5e5ee6e1d7477678280819d5",
            "name": "Mangere Bridge"
        }
    },
    {
        "productData": {
            "name": "Mother Kicked Apple 500ml",
            "productId": "mother-kicked-apple-500ml",
            "productShopPage": "https://mangerebridge.store.freshchoice.co.nz/lines/mother-kicked-apple-500ml",
            "productImageURL": "https://dtgxwmigmg3gc.cloudfront.net/imagery/assets/derivations/icon/512/512/true/eyJpZCI6ImMzOWU5YzQxMmNkZDUyYjViNDQxNzA3YTA4NjA0MTAxIiwic3RvcmFnZSI6InB1YmxpY19zdG9yZSJ9?signature=396d7ff70c826209285a8d2d6495a0efc260a4f5c8be58e3d78a5de341573c25",
            "productDescription": "",
            "volume": 500.0
        },
        "priceData": {
            "bestPrice": 2.0,
            "price": "3.00",
            "multiBuy": {
                "quantity": 2.0,
                "value": 4.0,
                "perUnit": 2.0
            },
            "pricePerLitre": 6.0,
            "bestPricePerLitre": 4.0
        },
        "store": {
            "id": "5e5ee6e1d7477678280819d5",
            "name": "Mangere Bridge"
        }
    },
    {
        "productData": {
            "name": "Mother Tropical Blast 500ml",
            "productId": "mother-tropical-blast-500ml",
            "productShopPage": "https://mangerebridge.store.freshchoice.co.nz/lines/mother-tropical-blast-500ml",
            "productImageURL": "https://dtgxwmigmg3gc.cloudfront.net/imagery/assets/derivations/icon/512/512/true/eyJpZCI6IjgxNGFjNDk1YjdiOTNmYmY5MzIzNDE4MWU5OGFkZjQ3Iiwic3RvcmFnZSI6InB1YmxpY19zdG9yZSJ9?signature=8768d3d83fe417a9817108eef2b9ac6d2e934722a08ec4f9735cec204258a160",
            "productDescription": "",
            "volume": 500.0
        },
        "priceData": {
            "bestPrice": 2.0,
            "price": "3.00",
            "multiBuy": {
                "quantity": 2.0,
                "value": 4.0,
                "perUnit": 2.0
            },
            "pricePerLitre": 6.0,
            "bestPricePerLitre": 4.0
        },
        "store": {
            "id": "5e5ee6e1d7477678280819d5",
            "name": "Mangere Bridge"
        }
    },
    {
        "productData": {
            "name": "Mother Energy Drink Passion 500ml",
            "productId": "mother-energy-drink-passion-500ml",
            "productShopPage": "https://omokoroa.store.freshchoice.co.nz/lines/mother-energy-drink-passion-500ml",
            "productImageURL": "https://dtgxwmigmg3gc.cloudfront.net/imagery/assets/derivations/icon/512/512/true/eyJpZCI6ImFkZDQ3ZmI4MGJjMmU2ZTgxNDcxNDRhYWFmOWZkYzViIiwic3RvcmFnZSI6InB1YmxpY19zdG9yZSJ9?signature=c8aea44ce6ff965b9e87fcb9f60849b0328e9b8983b9d5547e51c910f8f5368b",
            "productDescription": "",
            "volume": 500.0
        },
        "priceData": {
            "bestPrice": "3.00",
            "price": "3.00",
            "pricePerLitre": 6.0,
            "bestPricePerLitre": 6.0
        },
        "store": {
            "id": "5e53186bec28664752006212",
            "name": "Omokoroa"
        }
    },
    {
        "productData": {
            "name": "Mother Energy Drink Black 500ml",
            "productId": "mother-energy-drink-black-500ml",
            "productShopPage": "https://omokoroa.store.freshchoice.co.nz/lines/mother-energy-drink-black-500ml",
            "productImageURL": "https://dtgxwmigmg3gc.cloudfront.net/imagery/assets/derivations/icon/512/512/true/eyJpZCI6IjJmNzFhZWZlNzg1ZDliYjA2ZmY3Yzk4YjhjZWE0YWQyIiwic3RvcmFnZSI6InB1YmxpY19zdG9yZSJ9?signature=68857e86725ce2ac5ed56f14b1373cb97fd6dc305d2081d157559aa4343456de",
            "productDescription": "",
            "volume": 500.0
        },
        "priceData": {
            "bestPrice": "3.00",
            "price": "3.00",
            "pricePerLitre": 6.0,
            "bestPricePerLitre": 6.0
        },
        "store": {
            "id": "5e53186bec28664752006212",
            "name": "Omokoroa"
        }
    },
    {
        "productData": {
            "name": "Mother Energy Drink Epic Swell 500ml",
            "productId": "mother-epic-swell-energy-drink-twisted-apple-500ml",
            "productShopPage": "https://omokoroa.store.freshchoice.co.nz/lines/mother-epic-swell-energy-drink-twisted-apple-500ml",
            "productImageURL": "https://dtgxwmigmg3gc.cloudfront.net/imagery/assets/derivations/icon/512/512/true/eyJpZCI6IjE3NGY3OWU3NDkwYTQ5MGE4NGFkNjYzZjVlODdjNzlmIiwic3RvcmFnZSI6InB1YmxpY19zdG9yZSJ9?signature=8b8c94eb83ff8e282e2c9309d499d02862cc0d052bea74cb186828b6e121cc4e",
            "productDescription": "",
            "volume": 500.0
        },
        "priceData": {
            "bestPrice": "3.00",
            "price": "3.00",
            "pricePerLitre": 6.0,
            "bestPricePerLitre": 6.0
        },
        "store": {
            "id": "5e53186bec28664752006212",
            "name": "Omokoroa"
        }
    },
    {
        "productData": {
            "name": "Mother Kicked Apple 500ml",
            "productId": "mother-kicked-apple-500ml",
            "productShopPage": "https://omokoroa.store.freshchoice.co.nz/lines/mother-kicked-apple-500ml",
            "productImageURL": "https://dtgxwmigmg3gc.cloudfront.net/imagery/assets/derivations/icon/512/512/true/eyJpZCI6ImMzOWU5YzQxMmNkZDUyYjViNDQxNzA3YTA4NjA0MTAxIiwic3RvcmFnZSI6InB1YmxpY19zdG9yZSJ9?signature=396d7ff70c826209285a8d2d6495a0efc260a4f5c8be58e3d78a5de341573c25",
            "productDescription": "",
            "volume": 500.0
        },
        "priceData": {
            "bestPrice": "3.00",
            "price": "3.00",
            "pricePerLitre": 6.0,
            "bestPricePerLitre": 6.0
        },
        "store": {
            "id": "5e53186bec28664752006212",
            "name": "Omokoroa"
        }
    },
    {
        "productData": {
            "name": "Mother Tropical Blast 500ml",
            "productId": "mother-tropical-blast-500ml",
            "productShopPage": "https://omokoroa.store.freshchoice.co.nz/lines/mother-tropical-blast-500ml",
            "productImageURL": "https://dtgxwmigmg3gc.cloudfront.net/imagery/assets/derivations/icon/512/512/true/eyJpZCI6IjgxNGFjNDk1YjdiOTNmYmY5MzIzNDE4MWU5OGFkZjQ3Iiwic3RvcmFnZSI6InB1YmxpY19zdG9yZSJ9?signature=8768d3d83fe417a9817108eef2b9ac6d2e934722a08ec4f9735cec204258a160",
            "productDescription": "",
            "volume": 500.0
        },
        "priceData": {
            "bestPrice": "3.00",
            "price": "3.00",
            "pricePerLitre": 6.0,
            "bestPricePerLitre": 6.0
        },
        "store": {
            "id": "5e53186bec28664752006212",
            "name": "Omokoroa"
        }
    },
    {
        "productData": {
            "name": "Mother Energy Drink Passion 500ml",
            "productId": "mother-energy-drink-passion-500ml",
            "productShopPage": "https://otahuhu.store.freshchoice.co.nz/lines/mother-energy-drink-passion-500ml",
            "productImageURL": "https://dtgxwmigmg3gc.cloudfront.net/imagery/assets/derivations/icon/512/512/true/eyJpZCI6ImFkZDQ3ZmI4MGJjMmU2ZTgxNDcxNDRhYWFmOWZkYzViIiwic3RvcmFnZSI6InB1YmxpY19zdG9yZSJ9?signature=c8aea44ce6ff965b9e87fcb9f60849b0328e9b8983b9d5547e51c910f8f5368b",
            "productDescription": "",
            "volume": 500.0
        },
        "priceData": {
            "bestPrice": 2.0,
            "price": "3.00",
            "multiBuy": {
                "quantity": 2.0,
                "value": 4.0,
                "perUnit": 2.0
            },
            "pricePerLitre": 6.0,
            "bestPricePerLitre": 4.0
        },
        "store": {
            "id": "5e792d341db5f504de06f265",
            "name": "Otahuhu"
        }
    },
    {
        "productData": {
            "name": "Mother Energy Drink Black 500ml",
            "productId": "mother-energy-drink-black-500ml",
            "productShopPage": "https://otahuhu.store.freshchoice.co.nz/lines/mother-energy-drink-black-500ml",
            "productImageURL": "https://dtgxwmigmg3gc.cloudfront.net/imagery/assets/derivations/icon/512/512/true/eyJpZCI6IjJmNzFhZWZlNzg1ZDliYjA2ZmY3Yzk4YjhjZWE0YWQyIiwic3RvcmFnZSI6InB1YmxpY19zdG9yZSJ9?signature=68857e86725ce2ac5ed56f14b1373cb97fd6dc305d2081d157559aa4343456de",
            "productDescription": "",
            "volume": 500.0
        },
        "priceData": {
            "bestPrice": 2.0,
            "price": "3.00",
            "multiBuy": {
                "quantity": 2.0,
                "value": 4.0,
                "perUnit": 2.0
            },
            "pricePerLitre": 6.0,
            "bestPricePerLitre": 4.0
        },
        "store": {
            "id": "5e792d341db5f504de06f265",
            "name": "Otahuhu"
        }
    },
    {
        "productData": {
            "name": "Mother Energy Drink Epic Swell 500ml",
            "productId": "mother-epic-swell-energy-drink-twisted-apple-500ml",
            "productShopPage": "https://otahuhu.store.freshchoice.co.nz/lines/mother-epic-swell-energy-drink-twisted-apple-500ml",
            "productImageURL": "https://dtgxwmigmg3gc.cloudfront.net/imagery/assets/derivations/icon/512/512/true/eyJpZCI6IjE3NGY3OWU3NDkwYTQ5MGE4NGFkNjYzZjVlODdjNzlmIiwic3RvcmFnZSI6InB1YmxpY19zdG9yZSJ9?signature=8b8c94eb83ff8e282e2c9309d499d02862cc0d052bea74cb186828b6e121cc4e",
            "productDescription": "",
            "volume": 500.0
        },
        "priceData": {
            "bestPrice": 2.0,
            "price": "3.00",
            "multiBuy": {
                "quantity": 2.0,
                "value": 4.0,
                "perUnit": 2.0
            },
            "pricePerLitre": 6.0,
            "bestPricePerLitre": 4.0
        },
        "store": {
            "id": "5e792d341db5f504de06f265",
            "name": "Otahuhu"
        }
    },
    {
        "productData": {
            "name": "Monster Mother Energy Drink Razzle Berry Zero Sugar 500ml",
            "productId": "mother-energy-drink-zero-sugar-razzle-berry-500ml",
            "productShopPage": "https://otahuhu.store.freshchoice.co.nz/lines/mother-energy-drink-zero-sugar-razzle-berry-500ml",
            "productImageURL": "https://dtgxwmigmg3gc.cloudfront.net/imagery/assets/derivations/icon/512/512/true/eyJpZCI6IjE0OTE5ZWMwMTcyZmM0OGIxNTlhY2Q1NzZkMmFkNzIzIiwic3RvcmFnZSI6InB1YmxpY19zdG9yZSJ9?signature=2f97217761116946002db6894d485c767ed5d6e5ce8f9ca8359272dcd0bbf27e",
            "productDescription": "",
            "volume": 500.0
        },
        "priceData": {
            "bestPrice": 2.0,
            "price": "3.00",
            "multiBuy": {
                "quantity": 2.0,
                "value": 4.0,
                "perUnit": 2.0
            },
            "pricePerLitre": 6.0,
            "bestPricePerLitre": 4.0
        },
        "store": {
            "id": "5e792d341db5f504de06f265",
            "name": "Otahuhu"
        }
    },
    {
        "productData": {
            "name": "Mother Energy Drink Cans 250ml 6 Pack",
            "productId": "mother-energy-drink-6x250ml-cans",
            "productShopPage": "https://otahuhu.store.freshchoice.co.nz/lines/mother-energy-drink-6x250ml-cans",
            "productImageURL": "https://dtgxwmigmg3gc.cloudfront.net/imagery/assets/derivations/icon/512/512/true/eyJpZCI6ImE3YzU5MGNmNzUxYjYwODA3YjAyNGRkNWU3M2Y3ODQwIiwic3RvcmFnZSI6InB1YmxpY19zdG9yZSJ9?signature=da27b83249d2fb2bcb071e7a17ad7869d7f337f48a00448e90c46e18353cf0fa",
            "productDescription": "",
            "volume": 250.0
        },
        "priceData": {
            "bestPrice": "6.50",
            "price": "6.50",
            "multipack": {
                "quantity": 6.0
            },
            "pricePerLitre": 4.333333333333333,
            "bestPricePerLitre": 4.333333333333333
        },
        "store": {
            "id": "5e792d341db5f504de06f265",
            "name": "Otahuhu"
        }
    },
    {
        "productData": {
            "name": "Mother Can Energy 250ml",
            "productId": "mother-can-energy-250ml",
            "productShopPage": "https://otahuhu.store.freshchoice.co.nz/lines/mother-can-energy-250ml",
            "productImageURL": "https://dtgxwmigmg3gc.cloudfront.net/imagery/assets/derivations/icon/512/512/true/eyJpZCI6IjVhOTg3YmMxMjJjMGU2MTcxY2VhNzRjMmY0YzdmNDc2Iiwic3RvcmFnZSI6InB1YmxpY19zdG9yZSJ9?signature=b86ce206a3fb5a708e03da17f785e4d2d6e9436aae122f10ca04f56e5325a61f",
            "productDescription": "",
            "volume": 250.0
        },
        "priceData": {
            "bestPrice": "2.39",
            "price": "2.39",
            "pricePerLitre": 9.56,
            "bestPricePerLitre": 9.56
        },
        "store": {
            "id": "5e792d341db5f504de06f265",
            "name": "Otahuhu"
        }
    },
    {
        "productData": {
            "name": "Mother Kicked Apple 500ml",
            "productId": "mother-kicked-apple-500ml",
            "productShopPage": "https://otahuhu.store.freshchoice.co.nz/lines/mother-kicked-apple-500ml",
            "productImageURL": "https://dtgxwmigmg3gc.cloudfront.net/imagery/assets/derivations/icon/512/512/true/eyJpZCI6ImMzOWU5YzQxMmNkZDUyYjViNDQxNzA3YTA4NjA0MTAxIiwic3RvcmFnZSI6InB1YmxpY19zdG9yZSJ9?signature=396d7ff70c826209285a8d2d6495a0efc260a4f5c8be58e3d78a5de341573c25",
            "productDescription": "",
            "volume": 500.0
        },
        "priceData": {
            "bestPrice": 2.0,
            "price": "3.00",
            "multiBuy": {
                "quantity": 2.0,
                "value": 4.0,
                "perUnit": 2.0
            },
            "pricePerLitre": 6.0,
            "bestPricePerLitre": 4.0
        },
        "store": {
            "id": "5e792d341db5f504de06f265",
            "name": "Otahuhu"
        }
    },
    {
        "productData": {
            "name": "Mother Tropical Blast 500ml",
            "productId": "mother-tropical-blast-500ml",
            "productShopPage": "https://otahuhu.store.freshchoice.co.nz/lines/mother-tropical-blast-500ml",
            "productImageURL": "https://dtgxwmigmg3gc.cloudfront.net/imagery/assets/derivations/icon/512/512/true/eyJpZCI6IjgxNGFjNDk1YjdiOTNmYmY5MzIzNDE4MWU5OGFkZjQ3Iiwic3RvcmFnZSI6InB1YmxpY19zdG9yZSJ9?signature=8768d3d83fe417a9817108eef2b9ac6d2e934722a08ec4f9735cec204258a160",
            "productDescription": "",
            "volume": 500.0
        },
        "priceData": {
            "bestPrice": 2.0,
            "price": "3.00",
            "multiBuy": {
                "quantity": 2.0,
                "value": 4.0,
                "perUnit": 2.0
            },
            "pricePerLitre": 6.0,
            "bestPricePerLitre": 4.0
        },
        "store": {
            "id": "5e792d341db5f504de06f265",
            "name": "Otahuhu"
        }
    },
    {
        "productData": {
            "name": "Mother Energy Drink Passion 500ml",
            "productId": "mother-energy-drink-passion-500ml",
            "productShopPage": "https://papamoa.store.freshchoice.co.nz/lines/mother-energy-drink-passion-500ml",
            "productImageURL": "https://dtgxwmigmg3gc.cloudfront.net/imagery/assets/derivations/icon/512/512/true/eyJpZCI6ImFkZDQ3ZmI4MGJjMmU2ZTgxNDcxNDRhYWFmOWZkYzViIiwic3RvcmFnZSI6InB1YmxpY19zdG9yZSJ9?signature=c8aea44ce6ff965b9e87fcb9f60849b0328e9b8983b9d5547e51c910f8f5368b",
            "productDescription": "",
            "volume": 500.0
        },
        "priceData": {
            "bestPrice": "3.00",
            "price": "3.00",
            "pricePerLitre": 6.0,
            "bestPricePerLitre": 6.0
        },
        "store": {
            "id": "5c9d5a1342cdd7054a03abd3",
            "name": "Papamoa"
        }
    },
    {
        "productData": {
            "name": "Mother Energy Drink Black 500ml",
            "productId": "mother-energy-drink-black-500ml",
            "productShopPage": "https://papamoa.store.freshchoice.co.nz/lines/mother-energy-drink-black-500ml",
            "productImageURL": "https://dtgxwmigmg3gc.cloudfront.net/imagery/assets/derivations/icon/512/512/true/eyJpZCI6IjJmNzFhZWZlNzg1ZDliYjA2ZmY3Yzk4YjhjZWE0YWQyIiwic3RvcmFnZSI6InB1YmxpY19zdG9yZSJ9?signature=68857e86725ce2ac5ed56f14b1373cb97fd6dc305d2081d157559aa4343456de",
            "productDescription": "",
            "volume": 500.0
        },
        "priceData": {
            "bestPrice": "3.00",
            "price": "3.00",
            "pricePerLitre": 6.0,
            "bestPricePerLitre": 6.0
        },
        "store": {
            "id": "5c9d5a1342cdd7054a03abd3",
            "name": "Papamoa"
        }
    },
    {
        "productData": {
            "name": "Mother Energy Drink Epic Swell 500ml",
            "productId": "mother-epic-swell-energy-drink-twisted-apple-500ml",
            "productShopPage": "https://papamoa.store.freshchoice.co.nz/lines/mother-epic-swell-energy-drink-twisted-apple-500ml",
            "productImageURL": "https://dtgxwmigmg3gc.cloudfront.net/imagery/assets/derivations/icon/512/512/true/eyJpZCI6IjE3NGY3OWU3NDkwYTQ5MGE4NGFkNjYzZjVlODdjNzlmIiwic3RvcmFnZSI6InB1YmxpY19zdG9yZSJ9?signature=8b8c94eb83ff8e282e2c9309d499d02862cc0d052bea74cb186828b6e121cc4e",
            "productDescription": "",
            "volume": 500.0
        },
        "priceData": {
            "bestPrice": "3.00",
            "price": "3.00",
            "pricePerLitre": 6.0,
            "bestPricePerLitre": 6.0
        },
        "store": {
            "id": "5c9d5a1342cdd7054a03abd3",
            "name": "Papamoa"
        }
    },
    {
        "productData": {
            "name": "Monster Mother Energy Drink Razzle Berry Zero Sugar 500ml",
            "productId": "mother-energy-drink-zero-sugar-razzle-berry-500ml",
            "productShopPage": "https://papamoa.store.freshchoice.co.nz/lines/mother-energy-drink-zero-sugar-razzle-berry-500ml",
            "productImageURL": "https://dtgxwmigmg3gc.cloudfront.net/imagery/assets/derivations/icon/512/512/true/eyJpZCI6IjE0OTE5ZWMwMTcyZmM0OGIxNTlhY2Q1NzZkMmFkNzIzIiwic3RvcmFnZSI6InB1YmxpY19zdG9yZSJ9?signature=2f97217761116946002db6894d485c767ed5d6e5ce8f9ca8359272dcd0bbf27e",
            "productDescription": "",
            "volume": 500.0
        },
        "priceData": {
            "bestPrice": "3.00",
            "price": "3.00",
            "pricePerLitre": 6.0,
            "bestPricePerLitre": 6.0
        },
        "store": {
            "id": "5c9d5a1342cdd7054a03abd3",
            "name": "Papamoa"
        }
    },
    {
        "productData": {
            "name": "Mother Energy Drink Cans 250ml 6 Pack",
            "productId": "mother-energy-drink-6x250ml-cans",
            "productShopPage": "https://papamoa.store.freshchoice.co.nz/lines/mother-energy-drink-6x250ml-cans",
            "productImageURL": "https://dtgxwmigmg3gc.cloudfront.net/imagery/assets/derivations/icon/512/512/true/eyJpZCI6ImE3YzU5MGNmNzUxYjYwODA3YjAyNGRkNWU3M2Y3ODQwIiwic3RvcmFnZSI6InB1YmxpY19zdG9yZSJ9?signature=da27b83249d2fb2bcb071e7a17ad7869d7f337f48a00448e90c46e18353cf0fa",
            "productDescription": "",
            "volume": 250.0
        },
        "priceData": {
            "bestPrice": "6.50",
            "price": "6.50",
            "multipack": {
                "quantity": 6.0
            },
            "pricePerLitre": 4.333333333333333,
            "bestPricePerLitre": 4.333333333333333
        },
        "store": {
            "id": "5c9d5a1342cdd7054a03abd3",
            "name": "Papamoa"
        }
    },
    {
        "productData": {
            "name": "Mother Kicked Apple 500ml",
            "productId": "mother-kicked-apple-500ml",
            "productShopPage": "https://papamoa.store.freshchoice.co.nz/lines/mother-kicked-apple-500ml",
            "productImageURL": "https://dtgxwmigmg3gc.cloudfront.net/imagery/assets/derivations/icon/512/512/true/eyJpZCI6ImMzOWU5YzQxMmNkZDUyYjViNDQxNzA3YTA4NjA0MTAxIiwic3RvcmFnZSI6InB1YmxpY19zdG9yZSJ9?signature=396d7ff70c826209285a8d2d6495a0efc260a4f5c8be58e3d78a5de341573c25",
            "productDescription": "",
            "volume": 500.0
        },
        "priceData": {
            "bestPrice": "3.00",
            "price": "3.00",
            "pricePerLitre": 6.0,
            "bestPricePerLitre": 6.0
        },
        "store": {
            "id": "5c9d5a1342cdd7054a03abd3",
            "name": "Papamoa"
        }
    },
    {
        "productData": {
            "name": "Mother Tropical Blast 500ml",
            "productId": "mother-tropical-blast-500ml",
            "productShopPage": "https://papamoa.store.freshchoice.co.nz/lines/mother-tropical-blast-500ml",
            "productImageURL": "https://dtgxwmigmg3gc.cloudfront.net/imagery/assets/derivations/icon/512/512/true/eyJpZCI6IjgxNGFjNDk1YjdiOTNmYmY5MzIzNDE4MWU5OGFkZjQ3Iiwic3RvcmFnZSI6InB1YmxpY19zdG9yZSJ9?signature=8768d3d83fe417a9817108eef2b9ac6d2e934722a08ec4f9735cec204258a160",
            "productDescription": "",
            "volume": 500.0
        },
        "priceData": {
            "bestPrice": "3.00",
            "price": "3.00",
            "pricePerLitre": 6.0,
            "bestPricePerLitre": 6.0
        },
        "store": {
            "id": "5c9d5a1342cdd7054a03abd3",
            "name": "Papamoa"
        }
    },
    {
        "productData": {
            "name": "Mother Energy Drink Passion 500ml",
            "productId": "mother-energy-drink-passion-500ml",
            "productShopPage": "https://ranui.store.freshchoice.co.nz/lines/mother-energy-drink-passion-500ml",
            "productImageURL": "https://dtgxwmigmg3gc.cloudfront.net/imagery/assets/derivations/icon/512/512/true/eyJpZCI6ImFkZDQ3ZmI4MGJjMmU2ZTgxNDcxNDRhYWFmOWZkYzViIiwic3RvcmFnZSI6InB1YmxpY19zdG9yZSJ9?signature=c8aea44ce6ff965b9e87fcb9f60849b0328e9b8983b9d5547e51c910f8f5368b",
            "productDescription": "",
            "volume": 500.0
        },
        "priceData": {
            "bestPrice": "3.00",
            "price": "3.00",
            "pricePerLitre": 6.0,
            "bestPricePerLitre": 6.0
        },
        "store": {
            "id": "5e76c0e5ec28665ada001509",
            "name": "Ranui"
        }
    },
    {
        "productData": {
            "name": "Mother Energy Drink Black 500ml",
            "productId": "mother-energy-drink-black-500ml",
            "productShopPage": "https://ranui.store.freshchoice.co.nz/lines/mother-energy-drink-black-500ml",
            "productImageURL": "https://dtgxwmigmg3gc.cloudfront.net/imagery/assets/derivations/icon/512/512/true/eyJpZCI6IjJmNzFhZWZlNzg1ZDliYjA2ZmY3Yzk4YjhjZWE0YWQyIiwic3RvcmFnZSI6InB1YmxpY19zdG9yZSJ9?signature=68857e86725ce2ac5ed56f14b1373cb97fd6dc305d2081d157559aa4343456de",
            "productDescription": "",
            "volume": 500.0
        },
        "priceData": {
            "bestPrice": "3.00",
            "price": "3.00",
            "pricePerLitre": 6.0,
            "bestPricePerLitre": 6.0
        },
        "store": {
            "id": "5e76c0e5ec28665ada001509",
            "name": "Ranui"
        }
    },
    {
        "productData": {
            "name": "Mother Energy Drink Epic Swell 500ml",
            "productId": "mother-epic-swell-energy-drink-twisted-apple-500ml",
            "productShopPage": "https://ranui.store.freshchoice.co.nz/lines/mother-epic-swell-energy-drink-twisted-apple-500ml",
            "productImageURL": "https://dtgxwmigmg3gc.cloudfront.net/imagery/assets/derivations/icon/512/512/true/eyJpZCI6IjE3NGY3OWU3NDkwYTQ5MGE4NGFkNjYzZjVlODdjNzlmIiwic3RvcmFnZSI6InB1YmxpY19zdG9yZSJ9?signature=8b8c94eb83ff8e282e2c9309d499d02862cc0d052bea74cb186828b6e121cc4e",
            "productDescription": "",
            "volume": 500.0
        },
        "priceData": {
            "bestPrice": "3.00",
            "price": "3.00",
            "pricePerLitre": 6.0,
            "bestPricePerLitre": 6.0
        },
        "store": {
            "id": "5e76c0e5ec28665ada001509",
            "name": "Ranui"
        }
    },
    {
        "productData": {
            "name": "Mother Kicked Apple 500ml",
            "productId": "mother-kicked-apple-500ml",
            "productShopPage": "https://ranui.store.freshchoice.co.nz/lines/mother-kicked-apple-500ml",
            "productImageURL": "https://dtgxwmigmg3gc.cloudfront.net/imagery/assets/derivations/icon/512/512/true/eyJpZCI6ImMzOWU5YzQxMmNkZDUyYjViNDQxNzA3YTA4NjA0MTAxIiwic3RvcmFnZSI6InB1YmxpY19zdG9yZSJ9?signature=396d7ff70c826209285a8d2d6495a0efc260a4f5c8be58e3d78a5de341573c25",
            "productDescription": "",
            "volume": 500.0
        },
        "priceData": {
            "bestPrice": "3.00",
            "price": "3.00",
            "pricePerLitre": 6.0,
            "bestPricePerLitre": 6.0
        },
        "store": {
            "id": "5e76c0e5ec28665ada001509",
            "name": "Ranui"
        }
    },
    {
        "productData": {
            "name": "Mother Tropical Blast 500ml",
            "productId": "mother-tropical-blast-500ml",
            "productShopPage": "https://ranui.store.freshchoice.co.nz/lines/mother-tropical-blast-500ml",
            "productImageURL": "https://dtgxwmigmg3gc.cloudfront.net/imagery/assets/derivations/icon/512/512/true/eyJpZCI6IjgxNGFjNDk1YjdiOTNmYmY5MzIzNDE4MWU5OGFkZjQ3Iiwic3RvcmFnZSI6InB1YmxpY19zdG9yZSJ9?signature=8768d3d83fe417a9817108eef2b9ac6d2e934722a08ec4f9735cec204258a160",
            "productDescription": "",
            "volume": 500.0
        },
        "priceData": {
            "bestPrice": "3.00",
            "price": "3.00",
            "pricePerLitre": 6.0,
            "bestPricePerLitre": 6.0
        },
        "store": {
            "id": "5e76c0e5ec28665ada001509",
            "name": "Ranui"
        }
    },
    {
        "productData": {
            "name": "Mother Energy Drink Passion 500ml",
            "productId": "mother-energy-drink-passion-500ml",
            "productShopPage": "https://teawamutu.store.freshchoice.co.nz/lines/mother-energy-drink-passion-500ml",
            "productImageURL": "https://dtgxwmigmg3gc.cloudfront.net/imagery/assets/derivations/icon/512/512/true/eyJpZCI6ImFkZDQ3ZmI4MGJjMmU2ZTgxNDcxNDRhYWFmOWZkYzViIiwic3RvcmFnZSI6InB1YmxpY19zdG9yZSJ9?signature=c8aea44ce6ff965b9e87fcb9f60849b0328e9b8983b9d5547e51c910f8f5368b",
            "productDescription": "",
            "volume": 500.0
        },
        "priceData": {
            "bestPrice": 2.0,
            "price": "3.00",
            "multiBuy": {
                "quantity": 2.0,
                "value": 4.0,
                "perUnit": 2.0
            },
            "pricePerLitre": 6.0,
            "bestPricePerLitre": 4.0
        },
        "store": {
            "id": "5e75a5ab60b75a3dea037da2",
            "name": "Te Awamutu"
        }
    },
    {
        "productData": {
            "name": "Mother Energy Drink Black 500ml",
            "productId": "mother-energy-drink-black-500ml",
            "productShopPage": "https://teawamutu.store.freshchoice.co.nz/lines/mother-energy-drink-black-500ml",
            "productImageURL": "https://dtgxwmigmg3gc.cloudfront.net/imagery/assets/derivations/icon/512/512/true/eyJpZCI6IjJmNzFhZWZlNzg1ZDliYjA2ZmY3Yzk4YjhjZWE0YWQyIiwic3RvcmFnZSI6InB1YmxpY19zdG9yZSJ9?signature=68857e86725ce2ac5ed56f14b1373cb97fd6dc305d2081d157559aa4343456de",
            "productDescription": "",
            "volume": 500.0
        },
        "priceData": {
            "bestPrice": 2.0,
            "price": "3.00",
            "multiBuy": {
                "quantity": 2.0,
                "value": 4.0,
                "perUnit": 2.0
            },
            "pricePerLitre": 6.0,
            "bestPricePerLitre": 4.0
        },
        "store": {
            "id": "5e75a5ab60b75a3dea037da2",
            "name": "Te Awamutu"
        }
    },
    {
        "productData": {
            "name": "Mother Energy Drink Epic Swell 500ml",
            "productId": "mother-epic-swell-energy-drink-twisted-apple-500ml",
            "productShopPage": "https://teawamutu.store.freshchoice.co.nz/lines/mother-epic-swell-energy-drink-twisted-apple-500ml",
            "productImageURL": "https://dtgxwmigmg3gc.cloudfront.net/imagery/assets/derivations/icon/512/512/true/eyJpZCI6IjE3NGY3OWU3NDkwYTQ5MGE4NGFkNjYzZjVlODdjNzlmIiwic3RvcmFnZSI6InB1YmxpY19zdG9yZSJ9?signature=8b8c94eb83ff8e282e2c9309d499d02862cc0d052bea74cb186828b6e121cc4e",
            "productDescription": "",
            "volume": 500.0
        },
        "priceData": {
            "bestPrice": 2.0,
            "price": "3.00",
            "multiBuy": {
                "quantity": 2.0,
                "value": 4.0,
                "perUnit": 2.0
            },
            "pricePerLitre": 6.0,
            "bestPricePerLitre": 4.0
        },
        "store": {
            "id": "5e75a5ab60b75a3dea037da2",
            "name": "Te Awamutu"
        }
    },
    {
        "productData": {
            "name": "Monster Mother Energy Drink Razzle Berry Zero Sugar 500ml",
            "productId": "mother-energy-drink-zero-sugar-razzle-berry-500ml",
            "productShopPage": "https://teawamutu.store.freshchoice.co.nz/lines/mother-energy-drink-zero-sugar-razzle-berry-500ml",
            "productImageURL": "https://dtgxwmigmg3gc.cloudfront.net/imagery/assets/derivations/icon/512/512/true/eyJpZCI6IjE0OTE5ZWMwMTcyZmM0OGIxNTlhY2Q1NzZkMmFkNzIzIiwic3RvcmFnZSI6InB1YmxpY19zdG9yZSJ9?signature=2f97217761116946002db6894d485c767ed5d6e5ce8f9ca8359272dcd0bbf27e",
            "productDescription": "",
            "volume": 500.0
        },
        "priceData": {
            "bestPrice": 2.0,
            "price": "3.00",
            "multiBuy": {
                "quantity": 2.0,
                "value": 4.0,
                "perUnit": 2.0
            },
            "pricePerLitre": 6.0,
            "bestPricePerLitre": 4.0
        },
        "store": {
            "id": "5e75a5ab60b75a3dea037da2",
            "name": "Te Awamutu"
        }
    },
    {
        "productData": {
            "name": "Mother Energy Drink Cans 250ml 6 Pack",
            "productId": "mother-energy-drink-6x250ml-cans",
            "productShopPage": "https://teawamutu.store.freshchoice.co.nz/lines/mother-energy-drink-6x250ml-cans",
            "productImageURL": "https://dtgxwmigmg3gc.cloudfront.net/imagery/assets/derivations/icon/512/512/true/eyJpZCI6ImE3YzU5MGNmNzUxYjYwODA3YjAyNGRkNWU3M2Y3ODQwIiwic3RvcmFnZSI6InB1YmxpY19zdG9yZSJ9?signature=da27b83249d2fb2bcb071e7a17ad7869d7f337f48a00448e90c46e18353cf0fa",
            "productDescription": "",
            "volume": 250.0
        },
        "priceData": {
            "bestPrice": "6.20",
            "price": "6.20",
            "multipack": {
                "quantity": 6.0
            },
            "pricePerLitre": 4.133333333333333,
            "bestPricePerLitre": 4.133333333333333
        },
        "store": {
            "id": "5e75a5ab60b75a3dea037da2",
            "name": "Te Awamutu"
        }
    },
    {
        "productData": {
            "name": "Mother Kicked Apple 500ml",
            "productId": "mother-kicked-apple-500ml",
            "productShopPage": "https://teawamutu.store.freshchoice.co.nz/lines/mother-kicked-apple-500ml",
            "productImageURL": "https://dtgxwmigmg3gc.cloudfront.net/imagery/assets/derivations/icon/512/512/true/eyJpZCI6ImMzOWU5YzQxMmNkZDUyYjViNDQxNzA3YTA4NjA0MTAxIiwic3RvcmFnZSI6InB1YmxpY19zdG9yZSJ9?signature=396d7ff70c826209285a8d2d6495a0efc260a4f5c8be58e3d78a5de341573c25",
            "productDescription": "",
            "volume": 500.0
        },
        "priceData": {
            "bestPrice": 2.0,
            "price": "3.00",
            "multiBuy": {
                "quantity": 2.0,
                "value": 4.0,
                "perUnit": 2.0
            },
            "pricePerLitre": 6.0,
            "bestPricePerLitre": 4.0
        },
        "store": {
            "id": "5e75a5ab60b75a3dea037da2",
            "name": "Te Awamutu"
        }
    },
    {
        "productData": {
            "name": "Mother Tropical Blast 500ml",
            "productId": "mother-tropical-blast-500ml",
            "productShopPage": "https://teawamutu.store.freshchoice.co.nz/lines/mother-tropical-blast-500ml",
            "productImageURL": "https://dtgxwmigmg3gc.cloudfront.net/imagery/assets/derivations/icon/512/512/true/eyJpZCI6IjgxNGFjNDk1YjdiOTNmYmY5MzIzNDE4MWU5OGFkZjQ3Iiwic3RvcmFnZSI6InB1YmxpY19zdG9yZSJ9?signature=8768d3d83fe417a9817108eef2b9ac6d2e934722a08ec4f9735cec204258a160",
            "productDescription": "",
            "volume": 500.0
        },
        "priceData": {
            "bestPrice": 2.0,
            "price": "3.00",
            "multiBuy": {
                "quantity": 2.0,
                "value": 4.0,
                "perUnit": 2.0
            },
            "pricePerLitre": 6.0,
            "bestPricePerLitre": 4.0
        },
        "store": {
            "id": "5e75a5ab60b75a3dea037da2",
            "name": "Te Awamutu"
        }
    },
    {
        "productData": {
            "name": "Mother Energy Drink Passion 500ml",
            "productId": "mother-energy-drink-passion-500ml",
            "productShopPage": "https://tengae.store.freshchoice.co.nz/lines/mother-energy-drink-passion-500ml",
            "productImageURL": "https://dtgxwmigmg3gc.cloudfront.net/imagery/assets/derivations/icon/512/512/true/eyJpZCI6ImFkZDQ3ZmI4MGJjMmU2ZTgxNDcxNDRhYWFmOWZkYzViIiwic3RvcmFnZSI6InB1YmxpY19zdG9yZSJ9?signature=c8aea44ce6ff965b9e87fcb9f60849b0328e9b8983b9d5547e51c910f8f5368b",
            "productDescription": "",
            "volume": 500.0
        },
        "priceData": {
            "bestPrice": "3.00",
            "price": "3.00",
            "pricePerLitre": 6.0,
            "bestPricePerLitre": 6.0
        },
        "store": {
            "id": "5e6030689cdbf54492018c12",
            "name": "Te Ngae"
        }
    },
    {
        "productData": {
            "name": "Mother Energy Drink Black 500ml",
            "productId": "mother-energy-drink-black-500ml",
            "productShopPage": "https://tengae.store.freshchoice.co.nz/lines/mother-energy-drink-black-500ml",
            "productImageURL": "https://dtgxwmigmg3gc.cloudfront.net/imagery/assets/derivations/icon/512/512/true/eyJpZCI6IjJmNzFhZWZlNzg1ZDliYjA2ZmY3Yzk4YjhjZWE0YWQyIiwic3RvcmFnZSI6InB1YmxpY19zdG9yZSJ9?signature=68857e86725ce2ac5ed56f14b1373cb97fd6dc305d2081d157559aa4343456de",
            "productDescription": "",
            "volume": 500.0
        },
        "priceData": {
            "bestPrice": "3.00",
            "price": "3.00",
            "pricePerLitre": 6.0,
            "bestPricePerLitre": 6.0
        },
        "store": {
            "id": "5e6030689cdbf54492018c12",
            "name": "Te Ngae"
        }
    },
    {
        "productData": {
            "name": "Mother Energy Drink Epic Swell 500ml",
            "productId": "mother-epic-swell-energy-drink-twisted-apple-500ml",
            "productShopPage": "https://tengae.store.freshchoice.co.nz/lines/mother-epic-swell-energy-drink-twisted-apple-500ml",
            "productImageURL": "https://dtgxwmigmg3gc.cloudfront.net/imagery/assets/derivations/icon/512/512/true/eyJpZCI6IjE3NGY3OWU3NDkwYTQ5MGE4NGFkNjYzZjVlODdjNzlmIiwic3RvcmFnZSI6InB1YmxpY19zdG9yZSJ9?signature=8b8c94eb83ff8e282e2c9309d499d02862cc0d052bea74cb186828b6e121cc4e",
            "productDescription": "",
            "volume": 500.0
        },
        "priceData": {
            "bestPrice": "3.00",
            "price": "3.00",
            "pricePerLitre": 6.0,
            "bestPricePerLitre": 6.0
        },
        "store": {
            "id": "5e6030689cdbf54492018c12",
            "name": "Te Ngae"
        }
    },
    {
        "productData": {
            "name": "Mother Energy Drink Cans 250ml 6 Pack",
            "productId": "mother-energy-drink-6x250ml-cans",
            "productShopPage": "https://tengae.store.freshchoice.co.nz/lines/mother-energy-drink-6x250ml-cans",
            "productImageURL": "https://dtgxwmigmg3gc.cloudfront.net/imagery/assets/derivations/icon/512/512/true/eyJpZCI6ImE3YzU5MGNmNzUxYjYwODA3YjAyNGRkNWU3M2Y3ODQwIiwic3RvcmFnZSI6InB1YmxpY19zdG9yZSJ9?signature=da27b83249d2fb2bcb071e7a17ad7869d7f337f48a00448e90c46e18353cf0fa",
            "productDescription": "",
            "volume": 250.0
        },
        "priceData": {
            "bestPrice": "6.50",
            "price": "6.50",
            "multipack": {
                "quantity": 6.0
            },
            "pricePerLitre": 4.333333333333333,
            "bestPricePerLitre": 4.333333333333333
        },
        "store": {
            "id": "5e6030689cdbf54492018c12",
            "name": "Te Ngae"
        }
    },
    {
        "productData": {
            "name": "Mother Kicked Apple 500ml",
            "productId": "mother-kicked-apple-500ml",
            "productShopPage": "https://tengae.store.freshchoice.co.nz/lines/mother-kicked-apple-500ml",
            "productImageURL": "https://dtgxwmigmg3gc.cloudfront.net/imagery/assets/derivations/icon/512/512/true/eyJpZCI6ImMzOWU5YzQxMmNkZDUyYjViNDQxNzA3YTA4NjA0MTAxIiwic3RvcmFnZSI6InB1YmxpY19zdG9yZSJ9?signature=396d7ff70c826209285a8d2d6495a0efc260a4f5c8be58e3d78a5de341573c25",
            "productDescription": "",
            "volume": 500.0
        },
        "priceData": {
            "bestPrice": "3.00",
            "price": "3.00",
            "pricePerLitre": 6.0,
            "bestPricePerLitre": 6.0
        },
        "store": {
            "id": "5e6030689cdbf54492018c12",
            "name": "Te Ngae"
        }
    },
    {
        "productData": {
            "name": "Mother Tropical Blast 500ml",
            "productId": "mother-tropical-blast-500ml",
            "productShopPage": "https://tengae.store.freshchoice.co.nz/lines/mother-tropical-blast-500ml",
            "productImageURL": "https://dtgxwmigmg3gc.cloudfront.net/imagery/assets/derivations/icon/512/512/true/eyJpZCI6IjgxNGFjNDk1YjdiOTNmYmY5MzIzNDE4MWU5OGFkZjQ3Iiwic3RvcmFnZSI6InB1YmxpY19zdG9yZSJ9?signature=8768d3d83fe417a9817108eef2b9ac6d2e934722a08ec4f9735cec204258a160",
            "productDescription": "",
            "volume": 500.0
        },
        "priceData": {
            "bestPrice": "3.00",
            "price": "3.00",
            "pricePerLitre": 6.0,
            "bestPricePerLitre": 6.0
        },
        "store": {
            "id": "5e6030689cdbf54492018c12",
            "name": "Te Ngae"
        }
    },
    {
        "productData": {
            "name": "Mother Energy Drink Epic Swell 500ml",
            "productId": "mother-epic-swell-energy-drink-twisted-apple-500ml",
            "productShopPage": "https://waimauku.store.freshchoice.co.nz/lines/mother-epic-swell-energy-drink-twisted-apple-500ml",
            "productImageURL": "https://dtgxwmigmg3gc.cloudfront.net/imagery/assets/derivations/icon/512/512/true/eyJpZCI6IjE3NGY3OWU3NDkwYTQ5MGE4NGFkNjYzZjVlODdjNzlmIiwic3RvcmFnZSI6InB1YmxpY19zdG9yZSJ9?signature=8b8c94eb83ff8e282e2c9309d499d02862cc0d052bea74cb186828b6e121cc4e",
            "productDescription": "",
            "volume": 500.0
        },
        "priceData": {
            "bestPrice": "3.00",
            "price": "3.00",
            "pricePerLitre": 6.0,
            "bestPricePerLitre": 6.0
        },
        "store": {
            "id": "5e736e0d60b75a139404c695",
            "name": "Waimauku"
        }
    },
    {
        "productData": {
            "name": "Mother Tropical Blast 500ml",
            "productId": "mother-tropical-blast-500ml",
            "productShopPage": "https://waimauku.store.freshchoice.co.nz/lines/mother-tropical-blast-500ml",
            "productImageURL": "https://dtgxwmigmg3gc.cloudfront.net/imagery/assets/derivations/icon/512/512/true/eyJpZCI6IjgxNGFjNDk1YjdiOTNmYmY5MzIzNDE4MWU5OGFkZjQ3Iiwic3RvcmFnZSI6InB1YmxpY19zdG9yZSJ9?signature=8768d3d83fe417a9817108eef2b9ac6d2e934722a08ec4f9735cec204258a160",
            "productDescription": "",
            "volume": 500.0
        },
        "priceData": {
            "bestPrice": "3.00",
            "price": "3.00",
            "pricePerLitre": 6.0,
            "bestPricePerLitre": 6.0
        },
        "store": {
            "id": "5e736e0d60b75a139404c695",
            "name": "Waimauku"
        }
    },
    {
        "productData": {
            "name": "Mother Energy Drink Passion 500ml",
            "productId": "mother-energy-drink-passion-500ml",
            "productShopPage": "https://barrington.store.freshchoice.co.nz/lines/mother-energy-drink-passion-500ml",
            "productImageURL": "https://dtgxwmigmg3gc.cloudfront.net/imagery/assets/derivations/icon/512/512/true/eyJpZCI6ImFkZDQ3ZmI4MGJjMmU2ZTgxNDcxNDRhYWFmOWZkYzViIiwic3RvcmFnZSI6InB1YmxpY19zdG9yZSJ9?signature=c8aea44ce6ff965b9e87fcb9f60849b0328e9b8983b9d5547e51c910f8f5368b",
            "productDescription": "",
            "volume": 500.0
        },
        "priceData": {
            "bestPrice": "3.00",
            "price": "3.00",
            "pricePerLitre": 6.0,
            "bestPricePerLitre": 6.0
        },
        "store": {
            "id": "5817bdf5777a4256e504a7a2",
            "name": "Barrington"
        }
    },
    {
        "productData": {
            "name": "Mother Energy Drink Epic Swell 500ml",
            "productId": "mother-epic-swell-energy-drink-twisted-apple-500ml",
            "productShopPage": "https://barrington.store.freshchoice.co.nz/lines/mother-epic-swell-energy-drink-twisted-apple-500ml",
            "productImageURL": "https://dtgxwmigmg3gc.cloudfront.net/imagery/assets/derivations/icon/512/512/true/eyJpZCI6IjE3NGY3OWU3NDkwYTQ5MGE4NGFkNjYzZjVlODdjNzlmIiwic3RvcmFnZSI6InB1YmxpY19zdG9yZSJ9?signature=8b8c94eb83ff8e282e2c9309d499d02862cc0d052bea74cb186828b6e121cc4e",
            "productDescription": "",
            "volume": 500.0
        },
        "priceData": {
            "bestPrice": "3.00",
            "price": "3.00",
            "pricePerLitre": 6.0,
            "bestPricePerLitre": 6.0
        },
        "store": {
            "id": "5817bdf5777a4256e504a7a2",
            "name": "Barrington"
        }
    },
    {
        "productData": {
            "name": "Mother Tropical Blast 500ml",
            "productId": "mother-tropical-blast-500ml",
            "productShopPage": "https://barrington.store.freshchoice.co.nz/lines/mother-tropical-blast-500ml",
            "productImageURL": "https://dtgxwmigmg3gc.cloudfront.net/imagery/assets/derivations/icon/512/512/true/eyJpZCI6IjgxNGFjNDk1YjdiOTNmYmY5MzIzNDE4MWU5OGFkZjQ3Iiwic3RvcmFnZSI6InB1YmxpY19zdG9yZSJ9?signature=8768d3d83fe417a9817108eef2b9ac6d2e934722a08ec4f9735cec204258a160",
            "productDescription": "",
            "volume": 500.0
        },
        "priceData": {
            "bestPrice": "3.00",
            "price": "3.00",
            "pricePerLitre": 6.0,
            "bestPricePerLitre": 6.0
        },
        "store": {
            "id": "5817bdf5777a4256e504a7a2",
            "name": "Barrington"
        }
    },
    {
        "productData": {
            "name": "Monster Mother Energy Drink Razzle Berry Zero Sugar 500ml",
            "productId": "mother-energy-drink-zero-sugar-razzle-berry-500ml",
            "productShopPage": "https://citymarket.store.freshchoice.co.nz/lines/mother-energy-drink-zero-sugar-razzle-berry-500ml",
            "productImageURL": "https://dtgxwmigmg3gc.cloudfront.net/imagery/assets/derivations/icon/512/512/true/eyJpZCI6IjE0OTE5ZWMwMTcyZmM0OGIxNTlhY2Q1NzZkMmFkNzIzIiwic3RvcmFnZSI6InB1YmxpY19zdG9yZSJ9?signature=2f97217761116946002db6894d485c767ed5d6e5ce8f9ca8359272dcd0bbf27e",
            "productDescription": "",
            "volume": 500.0
        },
        "priceData": {
            "bestPrice": "3.00",
            "price": "3.00",
            "pricePerLitre": 6.0,
            "bestPricePerLitre": 6.0
        },
        "store": {
            "id": "595ef52252ba0b437e0040db",
            "name": "City Market"
        }
    },
    {
        "productData": {
            "name": "Mother Tropical Blast 500ml",
            "productId": "mother-tropical-blast-500ml",
            "productShopPage": "https://citymarket.store.freshchoice.co.nz/lines/mother-tropical-blast-500ml",
            "productImageURL": "https://dtgxwmigmg3gc.cloudfront.net/imagery/assets/derivations/icon/512/512/true/eyJpZCI6IjgxNGFjNDk1YjdiOTNmYmY5MzIzNDE4MWU5OGFkZjQ3Iiwic3RvcmFnZSI6InB1YmxpY19zdG9yZSJ9?signature=8768d3d83fe417a9817108eef2b9ac6d2e934722a08ec4f9735cec204258a160",
            "productDescription": "",
            "volume": 500.0
        },
        "priceData": {
            "bestPrice": "3.00",
            "price": "3.00",
            "pricePerLitre": 6.0,
            "bestPricePerLitre": 6.0
        },
        "store": {
            "id": "595ef52252ba0b437e0040db",
            "name": "City Market"
        }
    },
    {
        "productData": {
            "name": "Mother Energy Drink Passion 500ml",
            "productId": "mother-energy-drink-passion-500ml",
            "productShopPage": "https://cromwell.store.freshchoice.co.nz/lines/mother-energy-drink-passion-500ml",
            "productImageURL": "https://dtgxwmigmg3gc.cloudfront.net/imagery/assets/derivations/icon/512/512/true/eyJpZCI6ImFkZDQ3ZmI4MGJjMmU2ZTgxNDcxNDRhYWFmOWZkYzViIiwic3RvcmFnZSI6InB1YmxpY19zdG9yZSJ9?signature=c8aea44ce6ff965b9e87fcb9f60849b0328e9b8983b9d5547e51c910f8f5368b",
            "productDescription": "",
            "volume": 500.0
        },
        "priceData": {
            "bestPrice": 2.0,
            "price": "3.00",
            "multiBuy": {
                "quantity": 2.0,
                "value": 4.0,
                "perUnit": 2.0
            },
            "pricePerLitre": 6.0,
            "bestPricePerLitre": 4.0
        },
        "store": {
            "id": "5a08e79952ba0b09c500c535",
            "name": "Cromwell"
        }
    },
    {
        "productData": {
            "name": "Mother Energy Drink Black 500ml",
            "productId": "mother-energy-drink-black-500ml",
            "productShopPage": "https://cromwell.store.freshchoice.co.nz/lines/mother-energy-drink-black-500ml",
            "productImageURL": "https://dtgxwmigmg3gc.cloudfront.net/imagery/assets/derivations/icon/512/512/true/eyJpZCI6IjJmNzFhZWZlNzg1ZDliYjA2ZmY3Yzk4YjhjZWE0YWQyIiwic3RvcmFnZSI6InB1YmxpY19zdG9yZSJ9?signature=68857e86725ce2ac5ed56f14b1373cb97fd6dc305d2081d157559aa4343456de",
            "productDescription": "",
            "volume": 500.0
        },
        "priceData": {
            "bestPrice": 2.0,
            "price": "3.00",
            "multiBuy": {
                "quantity": 2.0,
                "value": 4.0,
                "perUnit": 2.0
            },
            "pricePerLitre": 6.0,
            "bestPricePerLitre": 4.0
        },
        "store": {
            "id": "5a08e79952ba0b09c500c535",
            "name": "Cromwell"
        }
    },
    {
        "productData": {
            "name": "Mother Tropical Blast 500ml",
            "productId": "mother-tropical-blast-500ml",
            "productShopPage": "https://cromwell.store.freshchoice.co.nz/lines/mother-tropical-blast-500ml",
            "productImageURL": "https://dtgxwmigmg3gc.cloudfront.net/imagery/assets/derivations/icon/512/512/true/eyJpZCI6IjgxNGFjNDk1YjdiOTNmYmY5MzIzNDE4MWU5OGFkZjQ3Iiwic3RvcmFnZSI6InB1YmxpY19zdG9yZSJ9?signature=8768d3d83fe417a9817108eef2b9ac6d2e934722a08ec4f9735cec204258a160",
            "productDescription": "",
            "volume": 500.0
        },
        "priceData": {
            "bestPrice": 2.0,
            "price": "3.00",
            "multiBuy": {
                "quantity": 2.0,
                "value": 4.0,
                "perUnit": 2.0
            },
            "pricePerLitre": 6.0,
            "bestPricePerLitre": 4.0
        },
        "store": {
            "id": "5a08e79952ba0b09c500c535",
            "name": "Cromwell"
        }
    },
    {
        "productData": {
            "name": "Mother Energy Drink Passion 500ml",
            "productId": "mother-energy-drink-passion-500ml",
            "productShopPage": "https://edgeware.store.freshchoice.co.nz/lines/mother-energy-drink-passion-500ml",
            "productImageURL": "https://dtgxwmigmg3gc.cloudfront.net/imagery/assets/derivations/icon/512/512/true/eyJpZCI6ImFkZDQ3ZmI4MGJjMmU2ZTgxNDcxNDRhYWFmOWZkYzViIiwic3RvcmFnZSI6InB1YmxpY19zdG9yZSJ9?signature=c8aea44ce6ff965b9e87fcb9f60849b0328e9b8983b9d5547e51c910f8f5368b",
            "productDescription": "",
            "volume": 500.0
        },
        "priceData": {
            "bestPrice": "3.00",
            "price": "3.00",
            "pricePerLitre": 6.0,
            "bestPricePerLitre": 6.0
        },
        "store": {
            "id": "5e792dfe04015f1aa1072ad3",
            "name": "Edgeware"
        }
    },
    {
        "productData": {
            "name": "Mother Energy Drink Black 500ml",
            "productId": "mother-energy-drink-black-500ml",
            "productShopPage": "https://edgeware.store.freshchoice.co.nz/lines/mother-energy-drink-black-500ml",
            "productImageURL": "https://dtgxwmigmg3gc.cloudfront.net/imagery/assets/derivations/icon/512/512/true/eyJpZCI6IjJmNzFhZWZlNzg1ZDliYjA2ZmY3Yzk4YjhjZWE0YWQyIiwic3RvcmFnZSI6InB1YmxpY19zdG9yZSJ9?signature=68857e86725ce2ac5ed56f14b1373cb97fd6dc305d2081d157559aa4343456de",
            "productDescription": "",
            "volume": 500.0
        },
        "priceData": {
            "bestPrice": "3.00",
            "price": "3.00",
            "pricePerLitre": 6.0,
            "bestPricePerLitre": 6.0
        },
        "store": {
            "id": "5e792dfe04015f1aa1072ad3",
            "name": "Edgeware"
        }
    },
    {
        "productData": {
            "name": "Mother Energy Drink Epic Swell 500ml",
            "productId": "mother-epic-swell-energy-drink-twisted-apple-500ml",
            "productShopPage": "https://edgeware.store.freshchoice.co.nz/lines/mother-epic-swell-energy-drink-twisted-apple-500ml",
            "productImageURL": "https://dtgxwmigmg3gc.cloudfront.net/imagery/assets/derivations/icon/512/512/true/eyJpZCI6IjE3NGY3OWU3NDkwYTQ5MGE4NGFkNjYzZjVlODdjNzlmIiwic3RvcmFnZSI6InB1YmxpY19zdG9yZSJ9?signature=8b8c94eb83ff8e282e2c9309d499d02862cc0d052bea74cb186828b6e121cc4e",
            "productDescription": "",
            "volume": 500.0
        },
        "priceData": {
            "bestPrice": "3.00",
            "price": "3.00",
            "pricePerLitre": 6.0,
            "bestPricePerLitre": 6.0
        },
        "store": {
            "id": "5e792dfe04015f1aa1072ad3",
            "name": "Edgeware"
        }
    },
    {
        "productData": {
            "name": "Mother Kicked Apple 500ml",
            "productId": "mother-kicked-apple-500ml",
            "productShopPage": "https://edgeware.store.freshchoice.co.nz/lines/mother-kicked-apple-500ml",
            "productImageURL": "https://dtgxwmigmg3gc.cloudfront.net/imagery/assets/derivations/icon/512/512/true/eyJpZCI6ImMzOWU5YzQxMmNkZDUyYjViNDQxNzA3YTA4NjA0MTAxIiwic3RvcmFnZSI6InB1YmxpY19zdG9yZSJ9?signature=396d7ff70c826209285a8d2d6495a0efc260a4f5c8be58e3d78a5de341573c25",
            "productDescription": "",
            "volume": 500.0
        },
        "priceData": {
            "bestPrice": "3.00",
            "price": "3.00",
            "pricePerLitre": 6.0,
            "bestPricePerLitre": 6.0
        },
        "store": {
            "id": "5e792dfe04015f1aa1072ad3",
            "name": "Edgeware"
        }
    },
    {
        "productData": {
            "name": "Mother Tropical Blast 500ml",
            "productId": "mother-tropical-blast-500ml",
            "productShopPage": "https://edgeware.store.freshchoice.co.nz/lines/mother-tropical-blast-500ml",
            "productImageURL": "https://dtgxwmigmg3gc.cloudfront.net/imagery/assets/derivations/icon/512/512/true/eyJpZCI6IjgxNGFjNDk1YjdiOTNmYmY5MzIzNDE4MWU5OGFkZjQ3Iiwic3RvcmFnZSI6InB1YmxpY19zdG9yZSJ9?signature=8768d3d83fe417a9817108eef2b9ac6d2e934722a08ec4f9735cec204258a160",
            "productDescription": "",
            "volume": 500.0
        },
        "priceData": {
            "bestPrice": "3.00",
            "price": "3.00",
            "pricePerLitre": 6.0,
            "bestPricePerLitre": 6.0
        },
        "store": {
            "id": "5e792dfe04015f1aa1072ad3",
            "name": "Edgeware"
        }
    },
    {
        "productData": {
            "name": "Mother Energy Drink Black 500ml",
            "productId": "mother-energy-drink-black-500ml",
            "productShopPage": "https://geraldine.store.freshchoice.co.nz/lines/mother-energy-drink-black-500ml",
            "productImageURL": "https://dtgxwmigmg3gc.cloudfront.net/imagery/assets/derivations/icon/512/512/true/eyJpZCI6IjJmNzFhZWZlNzg1ZDliYjA2ZmY3Yzk4YjhjZWE0YWQyIiwic3RvcmFnZSI6InB1YmxpY19zdG9yZSJ9?signature=68857e86725ce2ac5ed56f14b1373cb97fd6dc305d2081d157559aa4343456de",
            "productDescription": "",
            "volume": 500.0
        },
        "priceData": {
            "bestPrice": "3.00",
            "price": "3.00",
            "pricePerLitre": 6.0,
            "bestPricePerLitre": 6.0
        },
        "store": {
            "id": "58f6f3e452ba0b28d1013dbf",
            "name": "Geraldine"
        }
    },
    {
        "productData": {
            "name": "Mother Energy Drink Epic Swell 500ml",
            "productId": "mother-epic-swell-energy-drink-twisted-apple-500ml",
            "productShopPage": "https://geraldine.store.freshchoice.co.nz/lines/mother-epic-swell-energy-drink-twisted-apple-500ml",
            "productImageURL": "https://dtgxwmigmg3gc.cloudfront.net/imagery/assets/derivations/icon/512/512/true/eyJpZCI6IjE3NGY3OWU3NDkwYTQ5MGE4NGFkNjYzZjVlODdjNzlmIiwic3RvcmFnZSI6InB1YmxpY19zdG9yZSJ9?signature=8b8c94eb83ff8e282e2c9309d499d02862cc0d052bea74cb186828b6e121cc4e",
            "productDescription": "",
            "volume": 500.0
        },
        "priceData": {
            "bestPrice": "3.00",
            "price": "3.00",
            "pricePerLitre": 6.0,
            "bestPricePerLitre": 6.0
        },
        "store": {
            "id": "58f6f3e452ba0b28d1013dbf",
            "name": "Geraldine"
        }
    },
    {
        "productData": {
            "name": "Monster Mother Energy Drink Razzle Berry Zero Sugar 500ml",
            "productId": "mother-energy-drink-zero-sugar-razzle-berry-500ml",
            "productShopPage": "https://geraldine.store.freshchoice.co.nz/lines/mother-energy-drink-zero-sugar-razzle-berry-500ml",
            "productImageURL": "https://dtgxwmigmg3gc.cloudfront.net/imagery/assets/derivations/icon/512/512/true/eyJpZCI6IjE0OTE5ZWMwMTcyZmM0OGIxNTlhY2Q1NzZkMmFkNzIzIiwic3RvcmFnZSI6InB1YmxpY19zdG9yZSJ9?signature=2f97217761116946002db6894d485c767ed5d6e5ce8f9ca8359272dcd0bbf27e",
            "productDescription": "",
            "volume": 500.0
        },
        "priceData": {
            "bestPrice": 2.0,
            "price": "3.00",
            "multiBuy": {
                "quantity": 2.0,
                "value": 4.0,
                "perUnit": 2.0
            },
            "pricePerLitre": 6.0,
            "bestPricePerLitre": 4.0
        },
        "store": {
            "id": "58f6f3e452ba0b28d1013dbf",
            "name": "Geraldine"
        }
    },
    {
        "productData": {
            "name": "Mother Energy Drink Passion 500ml",
            "productId": "mother-energy-drink-passion-500ml",
            "productShopPage": "https://greenisland.store.freshchoice.co.nz/lines/mother-energy-drink-passion-500ml",
            "productImageURL": "https://dtgxwmigmg3gc.cloudfront.net/imagery/assets/derivations/icon/512/512/true/eyJpZCI6ImFkZDQ3ZmI4MGJjMmU2ZTgxNDcxNDRhYWFmOWZkYzViIiwic3RvcmFnZSI6InB1YmxpY19zdG9yZSJ9?signature=c8aea44ce6ff965b9e87fcb9f60849b0328e9b8983b9d5547e51c910f8f5368b",
            "productDescription": "",
            "volume": 500.0
        },
        "priceData": {
            "bestPrice": 2.0,
            "price": "3.00",
            "multiBuy": {
                "quantity": 2.0,
                "value": 4.0,
                "perUnit": 2.0
            },
            "pricePerLitre": 6.0,
            "bestPricePerLitre": 4.0
        },
        "store": {
            "id": "5c6624262faaf35db50bbe03",
            "name": "Green Island"
        }
    },
    {
        "productData": {
            "name": "Mother Energy Drink Black 500ml",
            "productId": "mother-energy-drink-black-500ml",
            "productShopPage": "https://greenisland.store.freshchoice.co.nz/lines/mother-energy-drink-black-500ml",
            "productImageURL": "https://dtgxwmigmg3gc.cloudfront.net/imagery/assets/derivations/icon/512/512/true/eyJpZCI6IjJmNzFhZWZlNzg1ZDliYjA2ZmY3Yzk4YjhjZWE0YWQyIiwic3RvcmFnZSI6InB1YmxpY19zdG9yZSJ9?signature=68857e86725ce2ac5ed56f14b1373cb97fd6dc305d2081d157559aa4343456de",
            "productDescription": "",
            "volume": 500.0
        },
        "priceData": {
            "bestPrice": 2.0,
            "price": "3.00",
            "multiBuy": {
                "quantity": 2.0,
                "value": 4.0,
                "perUnit": 2.0
            },
            "pricePerLitre": 6.0,
            "bestPricePerLitre": 4.0
        },
        "store": {
            "id": "5c6624262faaf35db50bbe03",
            "name": "Green Island"
        }
    },
    {
        "productData": {
            "name": "Mother Energy Drink Epic Swell 500ml",
            "productId": "mother-epic-swell-energy-drink-twisted-apple-500ml",
            "productShopPage": "https://greenisland.store.freshchoice.co.nz/lines/mother-epic-swell-energy-drink-twisted-apple-500ml",
            "productImageURL": "https://dtgxwmigmg3gc.cloudfront.net/imagery/assets/derivations/icon/512/512/true/eyJpZCI6IjE3NGY3OWU3NDkwYTQ5MGE4NGFkNjYzZjVlODdjNzlmIiwic3RvcmFnZSI6InB1YmxpY19zdG9yZSJ9?signature=8b8c94eb83ff8e282e2c9309d499d02862cc0d052bea74cb186828b6e121cc4e",
            "productDescription": "",
            "volume": 500.0
        },
        "priceData": {
            "bestPrice": 2.0,
            "price": "3.00",
            "multiBuy": {
                "quantity": 2.0,
                "value": 4.0,
                "perUnit": 2.0
            },
            "pricePerLitre": 6.0,
            "bestPricePerLitre": 4.0
        },
        "store": {
            "id": "5c6624262faaf35db50bbe03",
            "name": "Green Island"
        }
    },
    {
        "productData": {
            "name": "Monster Mother Energy Drink Razzle Berry Zero Sugar 500ml",
            "productId": "mother-energy-drink-zero-sugar-razzle-berry-500ml",
            "productShopPage": "https://greenisland.store.freshchoice.co.nz/lines/mother-energy-drink-zero-sugar-razzle-berry-500ml",
            "productImageURL": "https://dtgxwmigmg3gc.cloudfront.net/imagery/assets/derivations/icon/512/512/true/eyJpZCI6IjE0OTE5ZWMwMTcyZmM0OGIxNTlhY2Q1NzZkMmFkNzIzIiwic3RvcmFnZSI6InB1YmxpY19zdG9yZSJ9?signature=2f97217761116946002db6894d485c767ed5d6e5ce8f9ca8359272dcd0bbf27e",
            "productDescription": "",
            "volume": 500.0
        },
        "priceData": {
            "bestPrice": 2.0,
            "price": "3.00",
            "multiBuy": {
                "quantity": 2.0,
                "value": 4.0,
                "perUnit": 2.0
            },
            "pricePerLitre": 6.0,
            "bestPricePerLitre": 4.0
        },
        "store": {
            "id": "5c6624262faaf35db50bbe03",
            "name": "Green Island"
        }
    },
    {
        "productData": {
            "name": "Mother Tropical Blast 500ml",
            "productId": "mother-tropical-blast-500ml",
            "productShopPage": "https://greenisland.store.freshchoice.co.nz/lines/mother-tropical-blast-500ml",
            "productImageURL": "https://dtgxwmigmg3gc.cloudfront.net/imagery/assets/derivations/icon/512/512/true/eyJpZCI6IjgxNGFjNDk1YjdiOTNmYmY5MzIzNDE4MWU5OGFkZjQ3Iiwic3RvcmFnZSI6InB1YmxpY19zdG9yZSJ9?signature=8768d3d83fe417a9817108eef2b9ac6d2e934722a08ec4f9735cec204258a160",
            "productDescription": "",
            "volume": 500.0
        },
        "priceData": {
            "bestPrice": 2.0,
            "price": "3.00",
            "multiBuy": {
                "quantity": 2.0,
                "value": 4.0,
                "perUnit": 2.0
            },
            "pricePerLitre": 6.0,
            "bestPricePerLitre": 4.0
        },
        "store": {
            "id": "5c6624262faaf35db50bbe03",
            "name": "Green Island"
        }
    },
    {
        "productData": {
            "name": "Mother Energy Drink Passion 500ml",
            "productId": "mother-energy-drink-passion-500ml",
            "productShopPage": "https://merivale.store.freshchoice.co.nz/lines/mother-energy-drink-passion-500ml",
            "productImageURL": "https://dtgxwmigmg3gc.cloudfront.net/imagery/assets/derivations/icon/512/512/true/eyJpZCI6ImFkZDQ3ZmI4MGJjMmU2ZTgxNDcxNDRhYWFmOWZkYzViIiwic3RvcmFnZSI6InB1YmxpY19zdG9yZSJ9?signature=c8aea44ce6ff965b9e87fcb9f60849b0328e9b8983b9d5547e51c910f8f5368b",
            "productDescription": "",
            "volume": 500.0
        },
        "priceData": {
            "bestPrice": "3.00",
            "price": "3.00",
            "pricePerLitre": 6.0,
            "bestPricePerLitre": 6.0
        },
        "store": {
            "id": "5e324545ec28664e1400e152",
            "name": "Merivale"
        }
    },
    {
        "productData": {
            "name": "Mother Energy Drink Epic Swell 500ml",
            "productId": "mother-epic-swell-energy-drink-twisted-apple-500ml",
            "productShopPage": "https://merivale.store.freshchoice.co.nz/lines/mother-epic-swell-energy-drink-twisted-apple-500ml",
            "productImageURL": "https://dtgxwmigmg3gc.cloudfront.net/imagery/assets/derivations/icon/512/512/true/eyJpZCI6IjE3NGY3OWU3NDkwYTQ5MGE4NGFkNjYzZjVlODdjNzlmIiwic3RvcmFnZSI6InB1YmxpY19zdG9yZSJ9?signature=8b8c94eb83ff8e282e2c9309d499d02862cc0d052bea74cb186828b6e121cc4e",
            "productDescription": "",
            "volume": 500.0
        },
        "priceData": {
            "bestPrice": "3.00",
            "price": "3.00",
            "pricePerLitre": 6.0,
            "bestPricePerLitre": 6.0
        },
        "store": {
            "id": "5e324545ec28664e1400e152",
            "name": "Merivale"
        }
    },
    {
        "productData": {
            "name": "Mother Energy Drink Cans 250ml 6 Pack",
            "productId": "mother-energy-drink-6x250ml-cans",
            "productShopPage": "https://merivale.store.freshchoice.co.nz/lines/mother-energy-drink-6x250ml-cans",
            "productImageURL": "https://dtgxwmigmg3gc.cloudfront.net/imagery/assets/derivations/icon/512/512/true/eyJpZCI6ImE3YzU5MGNmNzUxYjYwODA3YjAyNGRkNWU3M2Y3ODQwIiwic3RvcmFnZSI6InB1YmxpY19zdG9yZSJ9?signature=da27b83249d2fb2bcb071e7a17ad7869d7f337f48a00448e90c46e18353cf0fa",
            "productDescription": "",
            "volume": 250.0
        },
        "priceData": {
            "bestPrice": "6.50",
            "price": "6.50",
            "multipack": {
                "quantity": 6.0
            },
            "pricePerLitre": 4.333333333333333,
            "bestPricePerLitre": 4.333333333333333
        },
        "store": {
            "id": "5e324545ec28664e1400e152",
            "name": "Merivale"
        }
    },
    {
        "productData": {
            "name": "Mother Tropical Blast 500ml",
            "productId": "mother-tropical-blast-500ml",
            "productShopPage": "https://merivale.store.freshchoice.co.nz/lines/mother-tropical-blast-500ml",
            "productImageURL": "https://dtgxwmigmg3gc.cloudfront.net/imagery/assets/derivations/icon/512/512/true/eyJpZCI6IjgxNGFjNDk1YjdiOTNmYmY5MzIzNDE4MWU5OGFkZjQ3Iiwic3RvcmFnZSI6InB1YmxpY19zdG9yZSJ9?signature=8768d3d83fe417a9817108eef2b9ac6d2e934722a08ec4f9735cec204258a160",
            "productDescription": "",
            "volume": 500.0
        },
        "priceData": {
            "bestPrice": "3.00",
            "price": "3.00",
            "pricePerLitre": 6.0,
            "bestPricePerLitre": 6.0
        },
        "store": {
            "id": "5e324545ec28664e1400e152",
            "name": "Merivale"
        }
    },
    {
        "productData": {
            "name": "Mother Energy Drink Epic Swell 500ml",
            "productId": "mother-epic-swell-energy-drink-twisted-apple-500ml",
            "productShopPage": "https://nelsoncity.store.freshchoice.co.nz/lines/mother-epic-swell-energy-drink-twisted-apple-500ml",
            "productImageURL": "https://dtgxwmigmg3gc.cloudfront.net/imagery/assets/derivations/icon/512/512/true/eyJpZCI6IjE3NGY3OWU3NDkwYTQ5MGE4NGFkNjYzZjVlODdjNzlmIiwic3RvcmFnZSI6InB1YmxpY19zdG9yZSJ9?signature=8b8c94eb83ff8e282e2c9309d499d02862cc0d052bea74cb186828b6e121cc4e",
            "productDescription": "",
            "volume": 500.0
        },
        "priceData": {
            "bestPrice": 2.0,
            "price": "3.00",
            "multiBuy": {
                "quantity": 2.0,
                "value": 4.0,
                "perUnit": 2.0
            },
            "pricePerLitre": 6.0,
            "bestPricePerLitre": 4.0
        },
        "store": {
            "id": "5cf09fe9f068ca26b6037660",
            "name": "Nelson City"
        }
    },
    {
        "productData": {
            "name": "Monster Mother Energy Drink Razzle Berry Zero Sugar 500ml",
            "productId": "mother-energy-drink-zero-sugar-razzle-berry-500ml",
            "productShopPage": "https://nelsoncity.store.freshchoice.co.nz/lines/mother-energy-drink-zero-sugar-razzle-berry-500ml",
            "productImageURL": "https://dtgxwmigmg3gc.cloudfront.net/imagery/assets/derivations/icon/512/512/true/eyJpZCI6IjE0OTE5ZWMwMTcyZmM0OGIxNTlhY2Q1NzZkMmFkNzIzIiwic3RvcmFnZSI6InB1YmxpY19zdG9yZSJ9?signature=2f97217761116946002db6894d485c767ed5d6e5ce8f9ca8359272dcd0bbf27e",
            "productDescription": "",
            "volume": 500.0
        },
        "priceData": {
            "bestPrice": 2.0,
            "price": "3.00",
            "multiBuy": {
                "quantity": 2.0,
                "value": 4.0,
                "perUnit": 2.0
            },
            "pricePerLitre": 6.0,
            "bestPricePerLitre": 4.0
        },
        "store": {
            "id": "5cf09fe9f068ca26b6037660",
            "name": "Nelson City"
        }
    },
    {
        "productData": {
            "name": "Mother Tropical Blast 500ml",
            "productId": "mother-tropical-blast-500ml",
            "productShopPage": "https://nelsoncity.store.freshchoice.co.nz/lines/mother-tropical-blast-500ml",
            "productImageURL": "https://dtgxwmigmg3gc.cloudfront.net/imagery/assets/derivations/icon/512/512/true/eyJpZCI6IjgxNGFjNDk1YjdiOTNmYmY5MzIzNDE4MWU5OGFkZjQ3Iiwic3RvcmFnZSI6InB1YmxpY19zdG9yZSJ9?signature=8768d3d83fe417a9817108eef2b9ac6d2e934722a08ec4f9735cec204258a160",
            "productDescription": "",
            "volume": 500.0
        },
        "priceData": {
            "bestPrice": 2.0,
            "price": "3.00",
            "multiBuy": {
                "quantity": 2.0,
                "value": 4.0,
                "perUnit": 2.0
            },
            "pricePerLitre": 6.0,
            "bestPricePerLitre": 4.0
        },
        "store": {
            "id": "5cf09fe9f068ca26b6037660",
            "name": "Nelson City"
        }
    },
    {
        "productData": {
            "name": "Mother Energy Drink Passion 500ml",
            "productId": "mother-energy-drink-passion-500ml",
            "productShopPage": "https://oxford.store.freshchoice.co.nz/lines/mother-energy-drink-passion-500ml",
            "productImageURL": "https://dtgxwmigmg3gc.cloudfront.net/imagery/assets/derivations/icon/512/512/true/eyJpZCI6ImFkZDQ3ZmI4MGJjMmU2ZTgxNDcxNDRhYWFmOWZkYzViIiwic3RvcmFnZSI6InB1YmxpY19zdG9yZSJ9?signature=c8aea44ce6ff965b9e87fcb9f60849b0328e9b8983b9d5547e51c910f8f5368b",
            "productDescription": "",
            "volume": 500.0
        },
        "priceData": {
            "bestPrice": "3.00",
            "price": "3.00",
            "pricePerLitre": 6.0,
            "bestPricePerLitre": 6.0
        },
        "store": {
            "id": "5e76bfc21db5f5696b000db2",
            "name": "Oxford"
        }
    },
    {
        "productData": {
            "name": "Mother Energy Drink Black 500ml",
            "productId": "mother-energy-drink-black-500ml",
            "productShopPage": "https://oxford.store.freshchoice.co.nz/lines/mother-energy-drink-black-500ml",
            "productImageURL": "https://dtgxwmigmg3gc.cloudfront.net/imagery/assets/derivations/icon/512/512/true/eyJpZCI6IjJmNzFhZWZlNzg1ZDliYjA2ZmY3Yzk4YjhjZWE0YWQyIiwic3RvcmFnZSI6InB1YmxpY19zdG9yZSJ9?signature=68857e86725ce2ac5ed56f14b1373cb97fd6dc305d2081d157559aa4343456de",
            "productDescription": "",
            "volume": 500.0
        },
        "priceData": {
            "bestPrice": "3.00",
            "price": "3.00",
            "pricePerLitre": 6.0,
            "bestPricePerLitre": 6.0
        },
        "store": {
            "id": "5e76bfc21db5f5696b000db2",
            "name": "Oxford"
        }
    },
    {
        "productData": {
            "name": "Mother Energy Drink Epic Swell 500ml",
            "productId": "mother-epic-swell-energy-drink-twisted-apple-500ml",
            "productShopPage": "https://oxford.store.freshchoice.co.nz/lines/mother-epic-swell-energy-drink-twisted-apple-500ml",
            "productImageURL": "https://dtgxwmigmg3gc.cloudfront.net/imagery/assets/derivations/icon/512/512/true/eyJpZCI6IjE3NGY3OWU3NDkwYTQ5MGE4NGFkNjYzZjVlODdjNzlmIiwic3RvcmFnZSI6InB1YmxpY19zdG9yZSJ9?signature=8b8c94eb83ff8e282e2c9309d499d02862cc0d052bea74cb186828b6e121cc4e",
            "productDescription": "",
            "volume": 500.0
        },
        "priceData": {
            "bestPrice": "3.00",
            "price": "3.00",
            "pricePerLitre": 6.0,
            "bestPricePerLitre": 6.0
        },
        "store": {
            "id": "5e76bfc21db5f5696b000db2",
            "name": "Oxford"
        }
    },
    {
        "productData": {
            "name": "Mother Kicked Apple 500ml",
            "productId": "mother-kicked-apple-500ml",
            "productShopPage": "https://oxford.store.freshchoice.co.nz/lines/mother-kicked-apple-500ml",
            "productImageURL": "https://dtgxwmigmg3gc.cloudfront.net/imagery/assets/derivations/icon/512/512/true/eyJpZCI6ImMzOWU5YzQxMmNkZDUyYjViNDQxNzA3YTA4NjA0MTAxIiwic3RvcmFnZSI6InB1YmxpY19zdG9yZSJ9?signature=396d7ff70c826209285a8d2d6495a0efc260a4f5c8be58e3d78a5de341573c25",
            "productDescription": "",
            "volume": 500.0
        },
        "priceData": {
            "bestPrice": "3.00",
            "price": "3.00",
            "pricePerLitre": 6.0,
            "bestPricePerLitre": 6.0
        },
        "store": {
            "id": "5e76bfc21db5f5696b000db2",
            "name": "Oxford"
        }
    },
    {
        "productData": {
            "name": "Mother Tropical Blast 500ml",
            "productId": "mother-tropical-blast-500ml",
            "productShopPage": "https://oxford.store.freshchoice.co.nz/lines/mother-tropical-blast-500ml",
            "productImageURL": "https://dtgxwmigmg3gc.cloudfront.net/imagery/assets/derivations/icon/512/512/true/eyJpZCI6IjgxNGFjNDk1YjdiOTNmYmY5MzIzNDE4MWU5OGFkZjQ3Iiwic3RvcmFnZSI6InB1YmxpY19zdG9yZSJ9?signature=8768d3d83fe417a9817108eef2b9ac6d2e934722a08ec4f9735cec204258a160",
            "productDescription": "",
            "volume": 500.0
        },
        "priceData": {
            "bestPrice": "3.00",
            "price": "3.00",
            "pricePerLitre": 6.0,
            "bestPricePerLitre": 6.0
        },
        "store": {
            "id": "5e76bfc21db5f5696b000db2",
            "name": "Oxford"
        }
    },
    {
        "productData": {
            "name": "Mother Energy Drink Passion 500ml",
            "productId": "mother-energy-drink-passion-500ml",
            "productShopPage": "https://parklands.store.freshchoice.co.nz/lines/mother-energy-drink-passion-500ml",
            "productImageURL": "https://dtgxwmigmg3gc.cloudfront.net/imagery/assets/derivations/icon/512/512/true/eyJpZCI6ImFkZDQ3ZmI4MGJjMmU2ZTgxNDcxNDRhYWFmOWZkYzViIiwic3RvcmFnZSI6InB1YmxpY19zdG9yZSJ9?signature=c8aea44ce6ff965b9e87fcb9f60849b0328e9b8983b9d5547e51c910f8f5368b",
            "productDescription": "",
            "volume": 500.0
        },
        "priceData": {
            "bestPrice": 2.0,
            "price": "3.00",
            "multiBuy": {
                "quantity": 2.0,
                "value": 4.0,
                "perUnit": 2.0
            },
            "pricePerLitre": 6.0,
            "bestPricePerLitre": 4.0
        },
        "store": {
            "id": "58ae41d552ba0b1c8c00543e",
            "name": "Parklands"
        }
    },
    {
        "productData": {
            "name": "Mother Energy Drink Epic Swell 500ml",
            "productId": "mother-epic-swell-energy-drink-twisted-apple-500ml",
            "productShopPage": "https://parklands.store.freshchoice.co.nz/lines/mother-epic-swell-energy-drink-twisted-apple-500ml",
            "productImageURL": "https://dtgxwmigmg3gc.cloudfront.net/imagery/assets/derivations/icon/512/512/true/eyJpZCI6IjE3NGY3OWU3NDkwYTQ5MGE4NGFkNjYzZjVlODdjNzlmIiwic3RvcmFnZSI6InB1YmxpY19zdG9yZSJ9?signature=8b8c94eb83ff8e282e2c9309d499d02862cc0d052bea74cb186828b6e121cc4e",
            "productDescription": "",
            "volume": 500.0
        },
        "priceData": {
            "bestPrice": 2.0,
            "price": "3.00",
            "multiBuy": {
                "quantity": 2.0,
                "value": 4.0,
                "perUnit": 2.0
            },
            "pricePerLitre": 6.0,
            "bestPricePerLitre": 4.0
        },
        "store": {
            "id": "58ae41d552ba0b1c8c00543e",
            "name": "Parklands"
        }
    },
    {
        "productData": {
            "name": "Monster Mother Energy Drink Razzle Berry Zero Sugar 500ml",
            "productId": "mother-energy-drink-zero-sugar-razzle-berry-500ml",
            "productShopPage": "https://parklands.store.freshchoice.co.nz/lines/mother-energy-drink-zero-sugar-razzle-berry-500ml",
            "productImageURL": "https://dtgxwmigmg3gc.cloudfront.net/imagery/assets/derivations/icon/512/512/true/eyJpZCI6IjE0OTE5ZWMwMTcyZmM0OGIxNTlhY2Q1NzZkMmFkNzIzIiwic3RvcmFnZSI6InB1YmxpY19zdG9yZSJ9?signature=2f97217761116946002db6894d485c767ed5d6e5ce8f9ca8359272dcd0bbf27e",
            "productDescription": "",
            "volume": 500.0
        },
        "priceData": {
            "bestPrice": 2.0,
            "price": "3.00",
            "multiBuy": {
                "quantity": 2.0,
                "value": 4.0,
                "perUnit": 2.0
            },
            "pricePerLitre": 6.0,
            "bestPricePerLitre": 4.0
        },
        "store": {
            "id": "58ae41d552ba0b1c8c00543e",
            "name": "Parklands"
        }
    },
    {
        "productData": {
            "name": "Mother Tropical Blast 500ml",
            "productId": "mother-tropical-blast-500ml",
            "productShopPage": "https://parklands.store.freshchoice.co.nz/lines/mother-tropical-blast-500ml",
            "productImageURL": "https://dtgxwmigmg3gc.cloudfront.net/imagery/assets/derivations/icon/512/512/true/eyJpZCI6IjgxNGFjNDk1YjdiOTNmYmY5MzIzNDE4MWU5OGFkZjQ3Iiwic3RvcmFnZSI6InB1YmxpY19zdG9yZSJ9?signature=8768d3d83fe417a9817108eef2b9ac6d2e934722a08ec4f9735cec204258a160",
            "productDescription": "",
            "volume": 500.0
        },
        "priceData": {
            "bestPrice": 2.0,
            "price": "3.00",
            "multiBuy": {
                "quantity": 2.0,
                "value": 4.0,
                "perUnit": 2.0
            },
            "pricePerLitre": 6.0,
            "bestPricePerLitre": 4.0
        },
        "store": {
            "id": "58ae41d552ba0b1c8c00543e",
            "name": "Parklands"
        }
    },
    {
        "productData": {
            "name": "Mother Energy Drink Passion 500ml",
            "productId": "mother-energy-drink-passion-500ml",
            "productShopPage": "https://picton.store.freshchoice.co.nz/lines/mother-energy-drink-passion-500ml",
            "productImageURL": "https://dtgxwmigmg3gc.cloudfront.net/imagery/assets/derivations/icon/512/512/true/eyJpZCI6ImFkZDQ3ZmI4MGJjMmU2ZTgxNDcxNDRhYWFmOWZkYzViIiwic3RvcmFnZSI6InB1YmxpY19zdG9yZSJ9?signature=c8aea44ce6ff965b9e87fcb9f60849b0328e9b8983b9d5547e51c910f8f5368b",
            "productDescription": "",
            "volume": 500.0
        },
        "priceData": {
            "bestPrice": 2.0,
            "price": "3.00",
            "multiBuy": {
                "quantity": 2.0,
                "value": 4.0,
                "perUnit": 2.0
            },
            "pricePerLitre": 6.0,
            "bestPricePerLitre": 4.0
        },
        "store": {
            "id": "5c9d598442cdd70547033cba",
            "name": "Picton"
        }
    },
    {
        "productData": {
            "name": "Mother Energy Drink Black 500ml",
            "productId": "mother-energy-drink-black-500ml",
            "productShopPage": "https://picton.store.freshchoice.co.nz/lines/mother-energy-drink-black-500ml",
            "productImageURL": "https://dtgxwmigmg3gc.cloudfront.net/imagery/assets/derivations/icon/512/512/true/eyJpZCI6IjJmNzFhZWZlNzg1ZDliYjA2ZmY3Yzk4YjhjZWE0YWQyIiwic3RvcmFnZSI6InB1YmxpY19zdG9yZSJ9?signature=68857e86725ce2ac5ed56f14b1373cb97fd6dc305d2081d157559aa4343456de",
            "productDescription": "",
            "volume": 500.0
        },
        "priceData": {
            "bestPrice": 2.0,
            "price": "3.00",
            "multiBuy": {
                "quantity": 2.0,
                "value": 4.0,
                "perUnit": 2.0
            },
            "pricePerLitre": 6.0,
            "bestPricePerLitre": 4.0
        },
        "store": {
            "id": "5c9d598442cdd70547033cba",
            "name": "Picton"
        }
    },
    {
        "productData": {
            "name": "Mother Energy Drink Epic Swell 500ml",
            "productId": "mother-epic-swell-energy-drink-twisted-apple-500ml",
            "productShopPage": "https://picton.store.freshchoice.co.nz/lines/mother-epic-swell-energy-drink-twisted-apple-500ml",
            "productImageURL": "https://dtgxwmigmg3gc.cloudfront.net/imagery/assets/derivations/icon/512/512/true/eyJpZCI6IjE3NGY3OWU3NDkwYTQ5MGE4NGFkNjYzZjVlODdjNzlmIiwic3RvcmFnZSI6InB1YmxpY19zdG9yZSJ9?signature=8b8c94eb83ff8e282e2c9309d499d02862cc0d052bea74cb186828b6e121cc4e",
            "productDescription": "",
            "volume": 500.0
        },
        "priceData": {
            "bestPrice": 2.0,
            "price": "3.00",
            "multiBuy": {
                "quantity": 2.0,
                "value": 4.0,
                "perUnit": 2.0
            },
            "pricePerLitre": 6.0,
            "bestPricePerLitre": 4.0
        },
        "store": {
            "id": "5c9d598442cdd70547033cba",
            "name": "Picton"
        }
    },
    {
        "productData": {
            "name": "Mother Energy Drink Cans 250ml 6 Pack",
            "productId": "mother-energy-drink-6x250ml-cans",
            "productShopPage": "https://picton.store.freshchoice.co.nz/lines/mother-energy-drink-6x250ml-cans",
            "productImageURL": "https://dtgxwmigmg3gc.cloudfront.net/imagery/assets/derivations/icon/512/512/true/eyJpZCI6ImE3YzU5MGNmNzUxYjYwODA3YjAyNGRkNWU3M2Y3ODQwIiwic3RvcmFnZSI6InB1YmxpY19zdG9yZSJ9?signature=da27b83249d2fb2bcb071e7a17ad7869d7f337f48a00448e90c46e18353cf0fa",
            "productDescription": "",
            "volume": 250.0
        },
        "priceData": {
            "bestPrice": "6.50",
            "price": "6.50",
            "multipack": {
                "quantity": 6.0
            },
            "pricePerLitre": 4.333333333333333,
            "bestPricePerLitre": 4.333333333333333
        },
        "store": {
            "id": "5c9d598442cdd70547033cba",
            "name": "Picton"
        }
    },
    {
        "productData": {
            "name": "Mother Can Energy 250ml",
            "productId": "mother-can-energy-250ml",
            "productShopPage": "https://picton.store.freshchoice.co.nz/lines/mother-can-energy-250ml",
            "productImageURL": "https://dtgxwmigmg3gc.cloudfront.net/imagery/assets/derivations/icon/512/512/true/eyJpZCI6IjVhOTg3YmMxMjJjMGU2MTcxY2VhNzRjMmY0YzdmNDc2Iiwic3RvcmFnZSI6InB1YmxpY19zdG9yZSJ9?signature=b86ce206a3fb5a708e03da17f785e4d2d6e9436aae122f10ca04f56e5325a61f",
            "productDescription": "",
            "volume": 250.0
        },
        "priceData": {
            "bestPrice": "1.50",
            "price": "1.50",
            "pricePerLitre": 6.0,
            "bestPricePerLitre": 6.0
        },
        "store": {
            "id": "5c9d598442cdd70547033cba",
            "name": "Picton"
        }
    },
    {
        "productData": {
            "name": "Mother Tropical Blast 500ml",
            "productId": "mother-tropical-blast-500ml",
            "productShopPage": "https://picton.store.freshchoice.co.nz/lines/mother-tropical-blast-500ml",
            "productImageURL": "https://dtgxwmigmg3gc.cloudfront.net/imagery/assets/derivations/icon/512/512/true/eyJpZCI6IjgxNGFjNDk1YjdiOTNmYmY5MzIzNDE4MWU5OGFkZjQ3Iiwic3RvcmFnZSI6InB1YmxpY19zdG9yZSJ9?signature=8768d3d83fe417a9817108eef2b9ac6d2e934722a08ec4f9735cec204258a160",
            "productDescription": "",
            "volume": 500.0
        },
        "priceData": {
            "bestPrice": 2.0,
            "price": "3.00",
            "multiBuy": {
                "quantity": 2.0,
                "value": 4.0,
                "perUnit": 2.0
            },
            "pricePerLitre": 6.0,
            "bestPricePerLitre": 4.0
        },
        "store": {
            "id": "5c9d598442cdd70547033cba",
            "name": "Picton"
        }
    },
    {
        "productData": {
            "name": "Mother Energy Drink Passion 500ml",
            "productId": "mother-energy-drink-passion-500ml",
            "productShopPage": "https://prebbleton.store.freshchoice.co.nz/lines/mother-energy-drink-passion-500ml",
            "productImageURL": "https://dtgxwmigmg3gc.cloudfront.net/imagery/assets/derivations/icon/512/512/true/eyJpZCI6ImFkZDQ3ZmI4MGJjMmU2ZTgxNDcxNDRhYWFmOWZkYzViIiwic3RvcmFnZSI6InB1YmxpY19zdG9yZSJ9?signature=c8aea44ce6ff965b9e87fcb9f60849b0328e9b8983b9d5547e51c910f8f5368b",
            "productDescription": "",
            "volume": 500.0
        },
        "priceData": {
            "bestPrice": 2.0,
            "price": "3.00",
            "multiBuy": {
                "quantity": 2.0,
                "value": 4.0,
                "perUnit": 2.0
            },
            "pricePerLitre": 6.0,
            "bestPricePerLitre": 4.0
        },
        "store": {
            "id": "5e5ee46cd74776781f092c74",
            "name": "Prebbleton"
        }
    },
    {
        "productData": {
            "name": "Mother Energy Drink Black 500ml",
            "productId": "mother-energy-drink-black-500ml",
            "productShopPage": "https://prebbleton.store.freshchoice.co.nz/lines/mother-energy-drink-black-500ml",
            "productImageURL": "https://dtgxwmigmg3gc.cloudfront.net/imagery/assets/derivations/icon/512/512/true/eyJpZCI6IjJmNzFhZWZlNzg1ZDliYjA2ZmY3Yzk4YjhjZWE0YWQyIiwic3RvcmFnZSI6InB1YmxpY19zdG9yZSJ9?signature=68857e86725ce2ac5ed56f14b1373cb97fd6dc305d2081d157559aa4343456de",
            "productDescription": "",
            "volume": 500.0
        },
        "priceData": {
            "bestPrice": 2.0,
            "price": "3.00",
            "multiBuy": {
                "quantity": 2.0,
                "value": 4.0,
                "perUnit": 2.0
            },
            "pricePerLitre": 6.0,
            "bestPricePerLitre": 4.0
        },
        "store": {
            "id": "5e5ee46cd74776781f092c74",
            "name": "Prebbleton"
        }
    },
    {
        "productData": {
            "name": "Mother Energy Drink Epic Swell 500ml",
            "productId": "mother-epic-swell-energy-drink-twisted-apple-500ml",
            "productShopPage": "https://prebbleton.store.freshchoice.co.nz/lines/mother-epic-swell-energy-drink-twisted-apple-500ml",
            "productImageURL": "https://dtgxwmigmg3gc.cloudfront.net/imagery/assets/derivations/icon/512/512/true/eyJpZCI6IjE3NGY3OWU3NDkwYTQ5MGE4NGFkNjYzZjVlODdjNzlmIiwic3RvcmFnZSI6InB1YmxpY19zdG9yZSJ9?signature=8b8c94eb83ff8e282e2c9309d499d02862cc0d052bea74cb186828b6e121cc4e",
            "productDescription": "",
            "volume": 500.0
        },
        "priceData": {
            "bestPrice": 2.0,
            "price": "3.00",
            "multiBuy": {
                "quantity": 2.0,
                "value": 4.0,
                "perUnit": 2.0
            },
            "pricePerLitre": 6.0,
            "bestPricePerLitre": 4.0
        },
        "store": {
            "id": "5e5ee46cd74776781f092c74",
            "name": "Prebbleton"
        }
    },
    {
        "productData": {
            "name": "Mother Energy Drink Cans 250ml 6 Pack",
            "productId": "mother-energy-drink-6x250ml-cans",
            "productShopPage": "https://prebbleton.store.freshchoice.co.nz/lines/mother-energy-drink-6x250ml-cans",
            "productImageURL": "https://dtgxwmigmg3gc.cloudfront.net/imagery/assets/derivations/icon/512/512/true/eyJpZCI6ImE3YzU5MGNmNzUxYjYwODA3YjAyNGRkNWU3M2Y3ODQwIiwic3RvcmFnZSI6InB1YmxpY19zdG9yZSJ9?signature=da27b83249d2fb2bcb071e7a17ad7869d7f337f48a00448e90c46e18353cf0fa",
            "productDescription": "",
            "volume": 250.0
        },
        "priceData": {
            "bestPrice": "6.50",
            "price": "6.50",
            "multipack": {
                "quantity": 6.0
            },
            "pricePerLitre": 4.333333333333333,
            "bestPricePerLitre": 4.333333333333333
        },
        "store": {
            "id": "5e5ee46cd74776781f092c74",
            "name": "Prebbleton"
        }
    },
    {
        "productData": {
            "name": "Mother Kicked Apple 500ml",
            "productId": "mother-kicked-apple-500ml",
            "productShopPage": "https://prebbleton.store.freshchoice.co.nz/lines/mother-kicked-apple-500ml",
            "productImageURL": "https://dtgxwmigmg3gc.cloudfront.net/imagery/assets/derivations/icon/512/512/true/eyJpZCI6ImMzOWU5YzQxMmNkZDUyYjViNDQxNzA3YTA4NjA0MTAxIiwic3RvcmFnZSI6InB1YmxpY19zdG9yZSJ9?signature=396d7ff70c826209285a8d2d6495a0efc260a4f5c8be58e3d78a5de341573c25",
            "productDescription": "",
            "volume": 500.0
        },
        "priceData": {
            "bestPrice": 2.0,
            "price": "3.00",
            "multiBuy": {
                "quantity": 2.0,
                "value": 4.0,
                "perUnit": 2.0
            },
            "pricePerLitre": 6.0,
            "bestPricePerLitre": 4.0
        },
        "store": {
            "id": "5e5ee46cd74776781f092c74",
            "name": "Prebbleton"
        }
    },
    {
        "productData": {
            "name": "Mother Tropical Blast 500ml",
            "productId": "mother-tropical-blast-500ml",
            "productShopPage": "https://prebbleton.store.freshchoice.co.nz/lines/mother-tropical-blast-500ml",
            "productImageURL": "https://dtgxwmigmg3gc.cloudfront.net/imagery/assets/derivations/icon/512/512/true/eyJpZCI6IjgxNGFjNDk1YjdiOTNmYmY5MzIzNDE4MWU5OGFkZjQ3Iiwic3RvcmFnZSI6InB1YmxpY19zdG9yZSJ9?signature=8768d3d83fe417a9817108eef2b9ac6d2e934722a08ec4f9735cec204258a160",
            "productDescription": "",
            "volume": 500.0
        },
        "priceData": {
            "bestPrice": 2.0,
            "price": "3.00",
            "multiBuy": {
                "quantity": 2.0,
                "value": 4.0,
                "perUnit": 2.0
            },
            "pricePerLitre": 6.0,
            "bestPricePerLitre": 4.0
        },
        "store": {
            "id": "5e5ee46cd74776781f092c74",
            "name": "Prebbleton"
        }
    },
    {
        "productData": {
            "name": "Mother Energy Drink Passion 500ml",
            "productId": "mother-energy-drink-passion-500ml",
            "productShopPage": "https://queenstown.store.freshchoice.co.nz/lines/mother-energy-drink-passion-500ml",
            "productImageURL": "https://dtgxwmigmg3gc.cloudfront.net/imagery/assets/derivations/icon/512/512/true/eyJpZCI6ImFkZDQ3ZmI4MGJjMmU2ZTgxNDcxNDRhYWFmOWZkYzViIiwic3RvcmFnZSI6InB1YmxpY19zdG9yZSJ9?signature=c8aea44ce6ff965b9e87fcb9f60849b0328e9b8983b9d5547e51c910f8f5368b",
            "productDescription": "",
            "volume": 500.0
        },
        "priceData": {
            "bestPrice": "3.00",
            "price": "3.00",
            "pricePerLitre": 6.0,
            "bestPricePerLitre": 6.0
        },
        "store": {
            "id": "5e7590c56d8e6913580489e5",
            "name": "Queenstown"
        }
    },
    {
        "productData": {
            "name": "Mother Energy Drink Black 500ml",
            "productId": "mother-energy-drink-black-500ml",
            "productShopPage": "https://queenstown.store.freshchoice.co.nz/lines/mother-energy-drink-black-500ml",
            "productImageURL": "https://dtgxwmigmg3gc.cloudfront.net/imagery/assets/derivations/icon/512/512/true/eyJpZCI6IjJmNzFhZWZlNzg1ZDliYjA2ZmY3Yzk4YjhjZWE0YWQyIiwic3RvcmFnZSI6InB1YmxpY19zdG9yZSJ9?signature=68857e86725ce2ac5ed56f14b1373cb97fd6dc305d2081d157559aa4343456de",
            "productDescription": "",
            "volume": 500.0
        },
        "priceData": {
            "bestPrice": "3.00",
            "price": "3.00",
            "pricePerLitre": 6.0,
            "bestPricePerLitre": 6.0
        },
        "store": {
            "id": "5e7590c56d8e6913580489e5",
            "name": "Queenstown"
        }
    },
    {
        "productData": {
            "name": "Mother Energy Drink Epic Swell 500ml",
            "productId": "mother-epic-swell-energy-drink-twisted-apple-500ml",
            "productShopPage": "https://queenstown.store.freshchoice.co.nz/lines/mother-epic-swell-energy-drink-twisted-apple-500ml",
            "productImageURL": "https://dtgxwmigmg3gc.cloudfront.net/imagery/assets/derivations/icon/512/512/true/eyJpZCI6IjE3NGY3OWU3NDkwYTQ5MGE4NGFkNjYzZjVlODdjNzlmIiwic3RvcmFnZSI6InB1YmxpY19zdG9yZSJ9?signature=8b8c94eb83ff8e282e2c9309d499d02862cc0d052bea74cb186828b6e121cc4e",
            "productDescription": "",
            "volume": 500.0
        },
        "priceData": {
            "bestPrice": "3.00",
            "price": "3.00",
            "pricePerLitre": 6.0,
            "bestPricePerLitre": 6.0
        },
        "store": {
            "id": "5e7590c56d8e6913580489e5",
            "name": "Queenstown"
        }
    },
    {
        "productData": {
            "name": "Monster Mother Energy Drink Razzle Berry Zero Sugar 500ml",
            "productId": "mother-energy-drink-zero-sugar-razzle-berry-500ml",
            "productShopPage": "https://queenstown.store.freshchoice.co.nz/lines/mother-energy-drink-zero-sugar-razzle-berry-500ml",
            "productImageURL": "https://dtgxwmigmg3gc.cloudfront.net/imagery/assets/derivations/icon/512/512/true/eyJpZCI6IjE0OTE5ZWMwMTcyZmM0OGIxNTlhY2Q1NzZkMmFkNzIzIiwic3RvcmFnZSI6InB1YmxpY19zdG9yZSJ9?signature=2f97217761116946002db6894d485c767ed5d6e5ce8f9ca8359272dcd0bbf27e",
            "productDescription": "",
            "volume": 500.0
        },
        "priceData": {
            "bestPrice": "3.00",
            "price": "3.00",
            "pricePerLitre": 6.0,
            "bestPricePerLitre": 6.0
        },
        "store": {
            "id": "5e7590c56d8e6913580489e5",
            "name": "Queenstown"
        }
    },
    {
        "productData": {
            "name": "Mother Kicked Apple 500ml",
            "productId": "mother-kicked-apple-500ml",
            "productShopPage": "https://queenstown.store.freshchoice.co.nz/lines/mother-kicked-apple-500ml",
            "productImageURL": "https://dtgxwmigmg3gc.cloudfront.net/imagery/assets/derivations/icon/512/512/true/eyJpZCI6ImMzOWU5YzQxMmNkZDUyYjViNDQxNzA3YTA4NjA0MTAxIiwic3RvcmFnZSI6InB1YmxpY19zdG9yZSJ9?signature=396d7ff70c826209285a8d2d6495a0efc260a4f5c8be58e3d78a5de341573c25",
            "productDescription": "",
            "volume": 500.0
        },
        "priceData": {
            "bestPrice": "3.00",
            "price": "3.00",
            "pricePerLitre": 6.0,
            "bestPricePerLitre": 6.0
        },
        "store": {
            "id": "5e7590c56d8e6913580489e5",
            "name": "Queenstown"
        }
    },
    {
        "productData": {
            "name": "Mother Tropical Blast 500ml",
            "productId": "mother-tropical-blast-500ml",
            "productShopPage": "https://queenstown.store.freshchoice.co.nz/lines/mother-tropical-blast-500ml",
            "productImageURL": "https://dtgxwmigmg3gc.cloudfront.net/imagery/assets/derivations/icon/512/512/true/eyJpZCI6IjgxNGFjNDk1YjdiOTNmYmY5MzIzNDE4MWU5OGFkZjQ3Iiwic3RvcmFnZSI6InB1YmxpY19zdG9yZSJ9?signature=8768d3d83fe417a9817108eef2b9ac6d2e934722a08ec4f9735cec204258a160",
            "productDescription": "",
            "volume": 500.0
        },
        "priceData": {
            "bestPrice": "3.00",
            "price": "3.00",
            "pricePerLitre": 6.0,
            "bestPricePerLitre": 6.0
        },
        "store": {
            "id": "5e7590c56d8e6913580489e5",
            "name": "Queenstown"
        }
    },
    {
        "productData": {
            "name": "Mother Energy Drink Epic Swell 500ml",
            "productId": "mother-epic-swell-energy-drink-twisted-apple-500ml",
            "productShopPage": "https://richmond.store.freshchoice.co.nz/lines/mother-epic-swell-energy-drink-twisted-apple-500ml",
            "productImageURL": "https://dtgxwmigmg3gc.cloudfront.net/imagery/assets/derivations/icon/512/512/true/eyJpZCI6IjE3NGY3OWU3NDkwYTQ5MGE4NGFkNjYzZjVlODdjNzlmIiwic3RvcmFnZSI6InB1YmxpY19zdG9yZSJ9?signature=8b8c94eb83ff8e282e2c9309d499d02862cc0d052bea74cb186828b6e121cc4e",
            "productDescription": "",
            "volume": 500.0
        },
        "priceData": {
            "bestPrice": "3.00",
            "price": "3.00",
            "pricePerLitre": 6.0,
            "bestPricePerLitre": 6.0
        },
        "store": {
            "id": "5cf09ec342cdd7353602d39a",
            "name": "Richmond"
        }
    },
    {
        "productData": {
            "name": "Mother Tropical Blast 500ml",
            "productId": "mother-tropical-blast-500ml",
            "productShopPage": "https://richmond.store.freshchoice.co.nz/lines/mother-tropical-blast-500ml",
            "productImageURL": "https://dtgxwmigmg3gc.cloudfront.net/imagery/assets/derivations/icon/512/512/true/eyJpZCI6IjgxNGFjNDk1YjdiOTNmYmY5MzIzNDE4MWU5OGFkZjQ3Iiwic3RvcmFnZSI6InB1YmxpY19zdG9yZSJ9?signature=8768d3d83fe417a9817108eef2b9ac6d2e934722a08ec4f9735cec204258a160",
            "productDescription": "",
            "volume": 500.0
        },
        "priceData": {
            "bestPrice": "3.00",
            "price": "3.00",
            "pricePerLitre": 6.0,
            "bestPricePerLitre": 6.0
        },
        "store": {
            "id": "5cf09ec342cdd7353602d39a",
            "name": "Richmond"
        }
    },
    {
        "productData": {
            "name": "Mother Energy Drink Passion 500ml",
            "productId": "mother-energy-drink-passion-500ml",
            "productShopPage": "https://roslyn.store.freshchoice.co.nz/lines/mother-energy-drink-passion-500ml",
            "productImageURL": "https://dtgxwmigmg3gc.cloudfront.net/imagery/assets/derivations/icon/512/512/true/eyJpZCI6ImFkZDQ3ZmI4MGJjMmU2ZTgxNDcxNDRhYWFmOWZkYzViIiwic3RvcmFnZSI6InB1YmxpY19zdG9yZSJ9?signature=c8aea44ce6ff965b9e87fcb9f60849b0328e9b8983b9d5547e51c910f8f5368b",
            "productDescription": "",
            "volume": 500.0
        },
        "priceData": {
            "bestPrice": 2.0,
            "price": "3.00",
            "multiBuy": {
                "quantity": 2.0,
                "value": 4.0,
                "perUnit": 2.0
            },
            "pricePerLitre": 6.0,
            "bestPricePerLitre": 4.0
        },
        "store": {
            "id": "5e758ead04015f69bc00df1a",
            "name": "Roslyn"
        }
    },
    {
        "productData": {
            "name": "Mother Energy Drink Black 500ml",
            "productId": "mother-energy-drink-black-500ml",
            "productShopPage": "https://roslyn.store.freshchoice.co.nz/lines/mother-energy-drink-black-500ml",
            "productImageURL": "https://dtgxwmigmg3gc.cloudfront.net/imagery/assets/derivations/icon/512/512/true/eyJpZCI6IjJmNzFhZWZlNzg1ZDliYjA2ZmY3Yzk4YjhjZWE0YWQyIiwic3RvcmFnZSI6InB1YmxpY19zdG9yZSJ9?signature=68857e86725ce2ac5ed56f14b1373cb97fd6dc305d2081d157559aa4343456de",
            "productDescription": "",
            "volume": 500.0
        },
        "priceData": {
            "bestPrice": 2.0,
            "price": "3.00",
            "multiBuy": {
                "quantity": 2.0,
                "value": 4.0,
                "perUnit": 2.0
            },
            "pricePerLitre": 6.0,
            "bestPricePerLitre": 4.0
        },
        "store": {
            "id": "5e758ead04015f69bc00df1a",
            "name": "Roslyn"
        }
    },
    {
        "productData": {
            "name": "Mother Energy Drink Epic Swell 500ml",
            "productId": "mother-epic-swell-energy-drink-twisted-apple-500ml",
            "productShopPage": "https://roslyn.store.freshchoice.co.nz/lines/mother-epic-swell-energy-drink-twisted-apple-500ml",
            "productImageURL": "https://dtgxwmigmg3gc.cloudfront.net/imagery/assets/derivations/icon/512/512/true/eyJpZCI6IjE3NGY3OWU3NDkwYTQ5MGE4NGFkNjYzZjVlODdjNzlmIiwic3RvcmFnZSI6InB1YmxpY19zdG9yZSJ9?signature=8b8c94eb83ff8e282e2c9309d499d02862cc0d052bea74cb186828b6e121cc4e",
            "productDescription": "",
            "volume": 500.0
        },
        "priceData": {
            "bestPrice": 2.0,
            "price": "3.00",
            "multiBuy": {
                "quantity": 2.0,
                "value": 4.0,
                "perUnit": 2.0
            },
            "pricePerLitre": 6.0,
            "bestPricePerLitre": 4.0
        },
        "store": {
            "id": "5e758ead04015f69bc00df1a",
            "name": "Roslyn"
        }
    },
    {
        "productData": {
            "name": "Monster Mother Energy Drink Razzle Berry Zero Sugar 500ml",
            "productId": "mother-energy-drink-zero-sugar-razzle-berry-500ml",
            "productShopPage": "https://roslyn.store.freshchoice.co.nz/lines/mother-energy-drink-zero-sugar-razzle-berry-500ml",
            "productImageURL": "https://dtgxwmigmg3gc.cloudfront.net/imagery/assets/derivations/icon/512/512/true/eyJpZCI6IjE0OTE5ZWMwMTcyZmM0OGIxNTlhY2Q1NzZkMmFkNzIzIiwic3RvcmFnZSI6InB1YmxpY19zdG9yZSJ9?signature=2f97217761116946002db6894d485c767ed5d6e5ce8f9ca8359272dcd0bbf27e",
            "productDescription": "",
            "volume": 500.0
        },
        "priceData": {
            "bestPrice": 2.0,
            "price": "3.00",
            "multiBuy": {
                "quantity": 2.0,
                "value": 4.0,
                "perUnit": 2.0
            },
            "pricePerLitre": 6.0,
            "bestPricePerLitre": 4.0
        },
        "store": {
            "id": "5e758ead04015f69bc00df1a",
            "name": "Roslyn"
        }
    },
    {
        "productData": {
            "name": "Mother Kicked Apple 500ml",
            "productId": "mother-kicked-apple-500ml",
            "productShopPage": "https://roslyn.store.freshchoice.co.nz/lines/mother-kicked-apple-500ml",
            "productImageURL": "https://dtgxwmigmg3gc.cloudfront.net/imagery/assets/derivations/icon/512/512/true/eyJpZCI6ImMzOWU5YzQxMmNkZDUyYjViNDQxNzA3YTA4NjA0MTAxIiwic3RvcmFnZSI6InB1YmxpY19zdG9yZSJ9?signature=396d7ff70c826209285a8d2d6495a0efc260a4f5c8be58e3d78a5de341573c25",
            "productDescription": "",
            "volume": 500.0
        },
        "priceData": {
            "bestPrice": 2.0,
            "price": "3.00",
            "multiBuy": {
                "quantity": 2.0,
                "value": 4.0,
                "perUnit": 2.0
            },
            "pricePerLitre": 6.0,
            "bestPricePerLitre": 4.0
        },
        "store": {
            "id": "5e758ead04015f69bc00df1a",
            "name": "Roslyn"
        }
    },
    {
        "productData": {
            "name": "Mother Tropical Blast 500ml",
            "productId": "mother-tropical-blast-500ml",
            "productShopPage": "https://roslyn.store.freshchoice.co.nz/lines/mother-tropical-blast-500ml",
            "productImageURL": "https://dtgxwmigmg3gc.cloudfront.net/imagery/assets/derivations/icon/512/512/true/eyJpZCI6IjgxNGFjNDk1YjdiOTNmYmY5MzIzNDE4MWU5OGFkZjQ3Iiwic3RvcmFnZSI6InB1YmxpY19zdG9yZSJ9?signature=8768d3d83fe417a9817108eef2b9ac6d2e934722a08ec4f9735cec204258a160",
            "productDescription": "",
            "volume": 500.0
        },
        "priceData": {
            "bestPrice": 2.0,
            "price": "3.00",
            "multiBuy": {
                "quantity": 2.0,
                "value": 4.0,
                "perUnit": 2.0
            },
            "pricePerLitre": 6.0,
            "bestPricePerLitre": 4.0
        },
        "store": {
            "id": "5e758ead04015f69bc00df1a",
            "name": "Roslyn"
        }
    },
    {
        "productData": {
            "name": "Mother Energy Drink Passion 500ml",
            "productId": "mother-energy-drink-passion-500ml",
            "productShopPage": "https://takaka.store.freshchoice.co.nz/lines/mother-energy-drink-passion-500ml",
            "productImageURL": "https://dtgxwmigmg3gc.cloudfront.net/imagery/assets/derivations/icon/512/512/true/eyJpZCI6ImFkZDQ3ZmI4MGJjMmU2ZTgxNDcxNDRhYWFmOWZkYzViIiwic3RvcmFnZSI6InB1YmxpY19zdG9yZSJ9?signature=c8aea44ce6ff965b9e87fcb9f60849b0328e9b8983b9d5547e51c910f8f5368b",
            "productDescription": "",
            "volume": 500.0
        },
        "priceData": {
            "bestPrice": 2.0,
            "price": "3.00",
            "multiBuy": {
                "quantity": 2.0,
                "value": 4.0,
                "perUnit": 2.0
            },
            "pricePerLitre": 6.0,
            "bestPricePerLitre": 4.0
        },
        "store": {
            "id": "5e532870ec28665271010f05",
            "name": "Takaka"
        }
    },
    {
        "productData": {
            "name": "Mother Energy Drink Black 500ml",
            "productId": "mother-energy-drink-black-500ml",
            "productShopPage": "https://takaka.store.freshchoice.co.nz/lines/mother-energy-drink-black-500ml",
            "productImageURL": "https://dtgxwmigmg3gc.cloudfront.net/imagery/assets/derivations/icon/512/512/true/eyJpZCI6IjJmNzFhZWZlNzg1ZDliYjA2ZmY3Yzk4YjhjZWE0YWQyIiwic3RvcmFnZSI6InB1YmxpY19zdG9yZSJ9?signature=68857e86725ce2ac5ed56f14b1373cb97fd6dc305d2081d157559aa4343456de",
            "productDescription": "",
            "volume": 500.0
        },
        "priceData": {
            "bestPrice": 2.0,
            "price": "3.00",
            "multiBuy": {
                "quantity": 2.0,
                "value": 4.0,
                "perUnit": 2.0
            },
            "pricePerLitre": 6.0,
            "bestPricePerLitre": 4.0
        },
        "store": {
            "id": "5e532870ec28665271010f05",
            "name": "Takaka"
        }
    },
    {
        "productData": {
            "name": "Mother Energy Drink Epic Swell 500ml",
            "productId": "mother-epic-swell-energy-drink-twisted-apple-500ml",
            "productShopPage": "https://takaka.store.freshchoice.co.nz/lines/mother-epic-swell-energy-drink-twisted-apple-500ml",
            "productImageURL": "https://dtgxwmigmg3gc.cloudfront.net/imagery/assets/derivations/icon/512/512/true/eyJpZCI6IjE3NGY3OWU3NDkwYTQ5MGE4NGFkNjYzZjVlODdjNzlmIiwic3RvcmFnZSI6InB1YmxpY19zdG9yZSJ9?signature=8b8c94eb83ff8e282e2c9309d499d02862cc0d052bea74cb186828b6e121cc4e",
            "productDescription": "",
            "volume": 500.0
        },
        "priceData": {
            "bestPrice": 2.0,
            "price": "3.00",
            "multiBuy": {
                "quantity": 2.0,
                "value": 4.0,
                "perUnit": 2.0
            },
            "pricePerLitre": 6.0,
            "bestPricePerLitre": 4.0
        },
        "store": {
            "id": "5e532870ec28665271010f05",
            "name": "Takaka"
        }
    },
    {
        "productData": {
            "name": "Mother Kicked Apple 500ml",
            "productId": "mother-kicked-apple-500ml",
            "productShopPage": "https://takaka.store.freshchoice.co.nz/lines/mother-kicked-apple-500ml",
            "productImageURL": "https://dtgxwmigmg3gc.cloudfront.net/imagery/assets/derivations/icon/512/512/true/eyJpZCI6ImMzOWU5YzQxMmNkZDUyYjViNDQxNzA3YTA4NjA0MTAxIiwic3RvcmFnZSI6InB1YmxpY19zdG9yZSJ9?signature=396d7ff70c826209285a8d2d6495a0efc260a4f5c8be58e3d78a5de341573c25",
            "productDescription": "",
            "volume": 500.0
        },
        "priceData": {
            "bestPrice": 2.0,
            "price": "3.00",
            "multiBuy": {
                "quantity": 2.0,
                "value": 4.0,
                "perUnit": 2.0
            },
            "pricePerLitre": 6.0,
            "bestPricePerLitre": 4.0
        },
        "store": {
            "id": "5e532870ec28665271010f05",
            "name": "Takaka"
        }
    },
    {
        "productData": {
            "name": "Mother Tropical Blast 500ml",
            "productId": "mother-tropical-blast-500ml",
            "productShopPage": "https://takaka.store.freshchoice.co.nz/lines/mother-tropical-blast-500ml",
            "productImageURL": "https://dtgxwmigmg3gc.cloudfront.net/imagery/assets/derivations/icon/512/512/true/eyJpZCI6IjgxNGFjNDk1YjdiOTNmYmY5MzIzNDE4MWU5OGFkZjQ3Iiwic3RvcmFnZSI6InB1YmxpY19zdG9yZSJ9?signature=8768d3d83fe417a9817108eef2b9ac6d2e934722a08ec4f9735cec204258a160",
            "productDescription": "",
            "volume": 500.0
        },
        "priceData": {
            "bestPrice": 2.0,
            "price": "3.00",
            "multiBuy": {
                "quantity": 2.0,
                "value": 4.0,
                "perUnit": 2.0
            },
            "pricePerLitre": 6.0,
            "bestPricePerLitre": 4.0
        },
        "store": {
            "id": "5e532870ec28665271010f05",
            "name": "Takaka"
        }
    },
    {
        "productData": {
            "name": "Mother Energy Drink Epic Swell 500ml",
            "productId": "mother-epic-swell-energy-drink-twisted-apple-500ml",
            "productShopPage": "https://teanau.store.freshchoice.co.nz/lines/mother-epic-swell-energy-drink-twisted-apple-500ml",
            "productImageURL": "https://dtgxwmigmg3gc.cloudfront.net/imagery/assets/derivations/icon/512/512/true/eyJpZCI6IjE3NGY3OWU3NDkwYTQ5MGE4NGFkNjYzZjVlODdjNzlmIiwic3RvcmFnZSI6InB1YmxpY19zdG9yZSJ9?signature=8b8c94eb83ff8e282e2c9309d499d02862cc0d052bea74cb186828b6e121cc4e",
            "productDescription": "",
            "volume": 500.0
        },
        "priceData": {
            "bestPrice": "3.00",
            "price": "3.00",
            "pricePerLitre": 6.0,
            "bestPricePerLitre": 6.0
        },
        "store": {
            "id": "5cb68105583abc41610e0b19",
            "name": "Te Anau"
        }
    },
    {
        "productData": {
            "name": "Monster Mother Energy Drink Razzle Berry Zero Sugar 500ml",
            "productId": "mother-energy-drink-zero-sugar-razzle-berry-500ml",
            "productShopPage": "https://teanau.store.freshchoice.co.nz/lines/mother-energy-drink-zero-sugar-razzle-berry-500ml",
            "productImageURL": "https://dtgxwmigmg3gc.cloudfront.net/imagery/assets/derivations/icon/512/512/true/eyJpZCI6IjE0OTE5ZWMwMTcyZmM0OGIxNTlhY2Q1NzZkMmFkNzIzIiwic3RvcmFnZSI6InB1YmxpY19zdG9yZSJ9?signature=2f97217761116946002db6894d485c767ed5d6e5ce8f9ca8359272dcd0bbf27e",
            "productDescription": "",
            "volume": 500.0
        },
        "priceData": {
            "bestPrice": 2.0,
            "price": "3.00",
            "multiBuy": {
                "quantity": 2.0,
                "value": 4.0,
                "perUnit": 2.0
            },
            "pricePerLitre": 6.0,
            "bestPricePerLitre": 4.0
        },
        "store": {
            "id": "5cb68105583abc41610e0b19",
            "name": "Te Anau"
        }
    },
    {
        "productData": {
            "name": "Mother Tropical Blast 500ml",
            "productId": "mother-tropical-blast-500ml",
            "productShopPage": "https://teanau.store.freshchoice.co.nz/lines/mother-tropical-blast-500ml",
            "productImageURL": "https://dtgxwmigmg3gc.cloudfront.net/imagery/assets/derivations/icon/512/512/true/eyJpZCI6IjgxNGFjNDk1YjdiOTNmYmY5MzIzNDE4MWU5OGFkZjQ3Iiwic3RvcmFnZSI6InB1YmxpY19zdG9yZSJ9?signature=8768d3d83fe417a9817108eef2b9ac6d2e934722a08ec4f9735cec204258a160",
            "productDescription": "",
            "volume": 500.0
        },
        "priceData": {
            "bestPrice": "3.00",
            "price": "3.00",
            "pricePerLitre": 6.0,
            "bestPricePerLitre": 6.0
        },
        "store": {
            "id": "5cb68105583abc41610e0b19",
            "name": "Te Anau"
        }
    },
    {
        "productData": {
            "name": "Mother Energy Drink Passion 500ml",
            "productId": "mother-energy-drink-passion-500ml",
            "productShopPage": "https://westport.store.freshchoice.co.nz/lines/mother-energy-drink-passion-500ml",
            "productImageURL": "https://dtgxwmigmg3gc.cloudfront.net/imagery/assets/derivations/icon/512/512/true/eyJpZCI6ImFkZDQ3ZmI4MGJjMmU2ZTgxNDcxNDRhYWFmOWZkYzViIiwic3RvcmFnZSI6InB1YmxpY19zdG9yZSJ9?signature=c8aea44ce6ff965b9e87fcb9f60849b0328e9b8983b9d5547e51c910f8f5368b",
            "productDescription": "",
            "volume": 500.0
        },
        "priceData": {
            "bestPrice": "3.00",
            "price": "3.00",
            "pricePerLitre": 6.0,
            "bestPricePerLitre": 6.0
        },
        "store": {
            "id": "58f6f38252ba0b28db0135b2",
            "name": "Westport"
        }
    },
    {
        "productData": {
            "name": "Mother Energy Drink Black 500ml",
            "productId": "mother-energy-drink-black-500ml",
            "productShopPage": "https://westport.store.freshchoice.co.nz/lines/mother-energy-drink-black-500ml",
            "productImageURL": "https://dtgxwmigmg3gc.cloudfront.net/imagery/assets/derivations/icon/512/512/true/eyJpZCI6IjJmNzFhZWZlNzg1ZDliYjA2ZmY3Yzk4YjhjZWE0YWQyIiwic3RvcmFnZSI6InB1YmxpY19zdG9yZSJ9?signature=68857e86725ce2ac5ed56f14b1373cb97fd6dc305d2081d157559aa4343456de",
            "productDescription": "",
            "volume": 500.0
        },
        "priceData": {
            "bestPrice": "3.00",
            "price": "3.00",
            "pricePerLitre": 6.0,
            "bestPricePerLitre": 6.0
        },
        "store": {
            "id": "58f6f38252ba0b28db0135b2",
            "name": "Westport"
        }
    },
    {
        "productData": {
            "name": "Mother Energy Drink Epic Swell 500ml",
            "productId": "mother-epic-swell-energy-drink-twisted-apple-500ml",
            "productShopPage": "https://westport.store.freshchoice.co.nz/lines/mother-epic-swell-energy-drink-twisted-apple-500ml",
            "productImageURL": "https://dtgxwmigmg3gc.cloudfront.net/imagery/assets/derivations/icon/512/512/true/eyJpZCI6IjE3NGY3OWU3NDkwYTQ5MGE4NGFkNjYzZjVlODdjNzlmIiwic3RvcmFnZSI6InB1YmxpY19zdG9yZSJ9?signature=8b8c94eb83ff8e282e2c9309d499d02862cc0d052bea74cb186828b6e121cc4e",
            "productDescription": "",
            "volume": 500.0
        },
        "priceData": {
            "bestPrice": "3.00",
            "price": "3.00",
            "pricePerLitre": 6.0,
            "bestPricePerLitre": 6.0
        },
        "store": {
            "id": "58f6f38252ba0b28db0135b2",
            "name": "Westport"
        }
    },
    {
        "productData": {
            "name": "Mother Energy Drink Cans 250ml 6 Pack",
            "productId": "mother-energy-drink-6x250ml-cans",
            "productShopPage": "https://westport.store.freshchoice.co.nz/lines/mother-energy-drink-6x250ml-cans",
            "productImageURL": "https://dtgxwmigmg3gc.cloudfront.net/imagery/assets/derivations/icon/512/512/true/eyJpZCI6ImE3YzU5MGNmNzUxYjYwODA3YjAyNGRkNWU3M2Y3ODQwIiwic3RvcmFnZSI6InB1YmxpY19zdG9yZSJ9?signature=da27b83249d2fb2bcb071e7a17ad7869d7f337f48a00448e90c46e18353cf0fa",
            "productDescription": "",
            "volume": 250.0
        },
        "priceData": {
            "bestPrice": "6.50",
            "price": "6.50",
            "multipack": {
                "quantity": 6.0
            },
            "pricePerLitre": 4.333333333333333,
            "bestPricePerLitre": 4.333333333333333
        },
        "store": {
            "id": "58f6f38252ba0b28db0135b2",
            "name": "Westport"
        }
    },
    {
        "productData": {
            "name": "Mother Kicked Apple 500ml",
            "productId": "mother-kicked-apple-500ml",
            "productShopPage": "https://westport.store.freshchoice.co.nz/lines/mother-kicked-apple-500ml",
            "productImageURL": "https://dtgxwmigmg3gc.cloudfront.net/imagery/assets/derivations/icon/512/512/true/eyJpZCI6ImMzOWU5YzQxMmNkZDUyYjViNDQxNzA3YTA4NjA0MTAxIiwic3RvcmFnZSI6InB1YmxpY19zdG9yZSJ9?signature=396d7ff70c826209285a8d2d6495a0efc260a4f5c8be58e3d78a5de341573c25",
            "productDescription": "",
            "volume": 500.0
        },
        "priceData": {
            "bestPrice": "3.00",
            "price": "3.00",
            "pricePerLitre": 6.0,
            "bestPricePerLitre": 6.0
        },
        "store": {
            "id": "58f6f38252ba0b28db0135b2",
            "name": "Westport"
        }
    },
    {
        "productData": {
            "name": "Mother Tropical Blast 500ml",
            "productId": "mother-tropical-blast-500ml",
            "productShopPage": "https://westport.store.freshchoice.co.nz/lines/mother-tropical-blast-500ml",
            "productImageURL": "https://dtgxwmigmg3gc.cloudfront.net/imagery/assets/derivations/icon/512/512/true/eyJpZCI6IjgxNGFjNDk1YjdiOTNmYmY5MzIzNDE4MWU5OGFkZjQ3Iiwic3RvcmFnZSI6InB1YmxpY19zdG9yZSJ9?signature=8768d3d83fe417a9817108eef2b9ac6d2e934722a08ec4f9735cec204258a160",
            "productDescription": "",
            "volume": 500.0
        },
        "priceData": {
            "bestPrice": "3.00",
            "price": "3.00",
            "pricePerLitre": 6.0,
            "bestPricePerLitre": 6.0
        },
        "store": {
            "id": "58f6f38252ba0b28db0135b2",
            "name": "Westport"
        }
    },
    {
        "productData": {
            "name": "Mother Energy Drink Black 500ml",
            "productId": "mother-energy-drink-black-500ml",
            "productShopPage": "https://ruakaka.store.freshchoice.co.nz/lines/mother-energy-drink-black-500ml",
            "productImageURL": "https://dtgxwmigmg3gc.cloudfront.net/imagery/assets/derivations/icon/512/512/true/eyJpZCI6IjJmNzFhZWZlNzg1ZDliYjA2ZmY3Yzk4YjhjZWE0YWQyIiwic3RvcmFnZSI6InB1YmxpY19zdG9yZSJ9?signature=68857e86725ce2ac5ed56f14b1373cb97fd6dc305d2081d157559aa4343456de",
            "productDescription": "",
            "volume": 500.0
        },
        "priceData": {
            "bestPrice": "3.00",
            "price": "3.00",
            "pricePerLitre": 6.0,
            "bestPricePerLitre": 6.0
        },
        "store": {
            "id": "5e7559b004015f158b09ae95",
            "name": "Ruakaka"
        }
    },
    {
        "productData": {
            "name": "Mother Energy Drink Epic Swell 500ml",
            "productId": "mother-epic-swell-energy-drink-twisted-apple-500ml",
            "productShopPage": "https://ruakaka.store.freshchoice.co.nz/lines/mother-epic-swell-energy-drink-twisted-apple-500ml",
            "productImageURL": "https://dtgxwmigmg3gc.cloudfront.net/imagery/assets/derivations/icon/512/512/true/eyJpZCI6IjE3NGY3OWU3NDkwYTQ5MGE4NGFkNjYzZjVlODdjNzlmIiwic3RvcmFnZSI6InB1YmxpY19zdG9yZSJ9?signature=8b8c94eb83ff8e282e2c9309d499d02862cc0d052bea74cb186828b6e121cc4e",
            "productDescription": "",
            "volume": 500.0
        },
        "priceData": {
            "bestPrice": "3.00",
            "price": "3.00",
            "pricePerLitre": 6.0,
            "bestPricePerLitre": 6.0
        },
        "store": {
            "id": "5e7559b004015f158b09ae95",
            "name": "Ruakaka"
        }
    },
    {
        "productData": {
            "name": "Mother Kicked Apple 500ml",
            "productId": "mother-kicked-apple-500ml",
            "productShopPage": "https://ruakaka.store.freshchoice.co.nz/lines/mother-kicked-apple-500ml",
            "productImageURL": "https://dtgxwmigmg3gc.cloudfront.net/imagery/assets/derivations/icon/512/512/true/eyJpZCI6ImMzOWU5YzQxMmNkZDUyYjViNDQxNzA3YTA4NjA0MTAxIiwic3RvcmFnZSI6InB1YmxpY19zdG9yZSJ9?signature=396d7ff70c826209285a8d2d6495a0efc260a4f5c8be58e3d78a5de341573c25",
            "productDescription": "",
            "volume": 500.0
        },
        "priceData": {
            "bestPrice": "3.00",
            "price": "3.00",
            "pricePerLitre": 6.0,
            "bestPricePerLitre": 6.0
        },
        "store": {
            "id": "5e7559b004015f158b09ae95",
            "name": "Ruakaka"
        }
    }
]