[
    {
        "productData": {
            "name": "FILEMETA",
            "productId": "FILEMETA",
            "productShopPage": "",
            "productImageURL": "",
            "productDescription": "THIS IS NOT A REAL PRODUCT, THIS IS METADATA OF THIS FILE"
        },
        "priceData": {
            "bestPrice": "0.00",
            "price": "0.00",
            "pricePerLitre": 0,
            "bestPricePerLitre": 0
        },
        "timestamp": "2022-08-22T21:14:45.531314",
        "siteconfig": {
            "siteMeta": {
                "name": "New World",
                "mainURL": "https://www.newworld.co.nz",
                "productPrefix": "nw"
            },
            "regex": {
                "dollars": ">([0-9][0-9]?)",
                "cents": ">([0-9][0-9])",
                "volumeData": "Serving.pack: (\\d{1,}) Serving size: (.{1,})",
                "volume": "(.{1,})(\\d{3,})(?:ml|ML|mL)"
            }
        }
    },
    {
        "productData": {
            "name": "Coca-Cola Soft Drink 2.25l",
            "productId": "5001903_ea_000",
            "productShopPage": "https://www.newworld.co.nz/shop/product/5001903_ea_000nw",
            "productImageURL": "https://a.fsimg.co.nz/product/retail/fan/image/master/5001903.png",
            "productDescription": "Nothing beats the taste of Coca-Cola Classic. It's the perfect companion whether you’re on the go, relaxing at home, enjoying with friends or as a drink with your meal. Refresh with the authentic Coke taste. Coca Cola soft drink is available in cans, mini cans, single serve and sharing size bottles as well as multipacks.",
            "volume": "250mL",
            "multipack": {
                "quantity": "9"
            }
        },
        "priceData": {
            "bestPrice": "4.89",
            "price": "4.89",
            "pricePerLitre": 2.17,
            "bestPricePerLitre": 2.17
        },
        "store": {
            "id": "4664daab-1897-4e69-9117-067b4afd41bb",
            "name": "New World Onerahi"
        }
    },
    {
        "productData": {
            "name": "Schweppes Sparkling Orange/lemon 1.5l",
            "productId": "5003623_ea_000",
            "productShopPage": "https://www.newworld.co.nz/shop/product/5003623_ea_000nw",
            "productImageURL": "https://a.fsimg.co.nz/product/retail/fan/image/master/5003623.png",
            "productDescription": "Schweppes Sparkling Duet, with the crisp citrus tang of lemon and orange, is made with 6% real fruit juice, making it a New Zealand favourite. Sparkling Duet Orange and Lemon is a distinctively refreshing beverage. Schweppes Sparkling Duet Orange and Lemon is available in single serve and sharing size bottles as well as multipacks.",
            "volume": "",
            "multipack": {
                "quantity": ""
            }
        },
        "priceData": {
            "bestPrice": "1.69",
            "price": "1.69",
            "pricePerLitre": 1.13,
            "bestPricePerLitre": 1.13
        },
        "store": {
            "id": "4664daab-1897-4e69-9117-067b4afd41bb",
            "name": "New World Onerahi"
        }
    },
    {
        "productData": {
            "name": "Sprite Lemon-Lime Natural Flavour Soft Drink 1.5l",
            "productId": "5001553_ea_000",
            "productShopPage": "https://www.newworld.co.nz/shop/product/5001553_ea_000nw",
            "productImageURL": "https://a.fsimg.co.nz/product/retail/fan/image/master/5001553.png",
            "productDescription": "Buy 2 for $5.00. Limit 12 assorted.\n\n\nWith its clean, crisp, lemon-lime taste, Sprite is a lemonade soft drink which quenches your thirst with a hit of refreshment. Perfect with meals, as a mixer, on the go and relaxing at home. Sprite soft drink has no added colours. Sprite is available in cans, mini cans, single serve and sharing size bottles as well as multipacks.",
            "volume": "250mL",
            "multipack": {
                "quantity": "6"
            }
        },
        "priceData": {
            "bestPrice": 2.5,
            "price": 3.0,
            "pricePerLitre": 2.0,
            "bestPricePerLitre": 1.6666666666666667,
            "multiBuy": {
                "quantity": 2.0,
                "value": 5.0,
                "perUnit": 2.5
            }
        },
        "store": {
            "id": "4664daab-1897-4e69-9117-067b4afd41bb",
            "name": "New World Onerahi"
        }
    },
    {
        "productData": {
            "name": "Pepsi Max Soft Drink 1.5l",
            "productId": "5007555_ea_000",
            "productShopPage": "https://www.newworld.co.nz/shop/product/5007555_ea_000nw",
            "productImageURL": "https://a.fsimg.co.nz/product/retail/fan/image/master/5007555.png",
            "productDescription": "Zero calories, maximum Pepsi Taste",
            "volume": "250mL",
            "multipack": {
                "quantity": "6"
            }
        },
        "priceData": {
            "bestPrice": "2.99",
            "price": "2.99",
            "pricePerLitre": 1.99,
            "bestPricePerLitre": 1.99
        },
        "store": {
            "id": "4664daab-1897-4e69-9117-067b4afd41bb",
            "name": "New World Onerahi"
        }
    },
    {
        "productData": {
            "name": "L&P Soft Drink 1.5l",
            "productId": "5001551_ea_000",
            "productShopPage": "https://www.newworld.co.nz/shop/product/5001551_ea_000nw",
            "productImageURL": "https://a.fsimg.co.nz/product/retail/fan/image/master/5001551.png",
            "productDescription": "Buy 2 for $5.00. Limit 12 assorted.\n\n\nL&P is the classic drink that has been refreshing NZers since ages ago, when some bright spark in Paeroa first created, bottled and whacked a label on it. L&P. World Famous In New Zealand.",
            "volume": "250mL",
            "multipack": {
                "quantity": "8"
            }
        },
        "priceData": {
            "bestPrice": 2.5,
            "price": 3.0,
            "pricePerLitre": 1.5,
            "bestPricePerLitre": 1.25,
            "multiBuy": {
                "quantity": 2.0,
                "value": 5.0,
                "perUnit": 2.5
            }
        },
        "store": {
            "id": "4664daab-1897-4e69-9117-067b4afd41bb",
            "name": "New World Onerahi"
        }
    },
    {
        "productData": {
            "name": "Mountain Dew Soft Drink 1.5l",
            "productId": "5009494_ea_000",
            "productShopPage": "https://www.newworld.co.nz/shop/product/5009494_ea_000nw",
            "productImageURL": "https://a.fsimg.co.nz/product/retail/fan/image/master/5009494.png",
            "productDescription": "Contains Caffeine.",
            "volume": "250mL",
            "multipack": {
                "quantity": "6"
            }
        },
        "priceData": {
            "bestPrice": "2.99",
            "price": "2.99",
            "pricePerLitre": 1.99,
            "bestPricePerLitre": 1.99
        },
        "store": {
            "id": "4664daab-1897-4e69-9117-067b4afd41bb",
            "name": "New World Onerahi"
        }
    },
    {
        "productData": {
            "name": "Sprite Lemon-Lime Natural Flavour Soft Drink 2.25l",
            "productId": "5001900_ea_000",
            "productShopPage": "https://www.newworld.co.nz/shop/product/5001900_ea_000nw",
            "productImageURL": "https://a.fsimg.co.nz/product/retail/fan/image/master/5001900.png",
            "productDescription": "With its clean, crisp, lemon-lime taste, Sprite is a lemonade soft drink which quenches your thirst with a hit of refreshment. Perfect with meals, as a mixer, on the go and relaxing at home. Sprite soft drink has no added colours. Sprite is available in cans, mini cans, single serve and sharing size bottles as well as multipacks.",
            "volume": "",
            "multipack": {
                "quantity": ""
            }
        },
        "priceData": {
            "bestPrice": "4.89",
            "price": "4.89",
            "pricePerLitre": 2.17,
            "bestPricePerLitre": 2.17
        },
        "store": {
            "id": "4664daab-1897-4e69-9117-067b4afd41bb",
            "name": "New World Onerahi"
        }
    },
    {
        "productData": {
            "name": "Schweppes Sparkling Raspberry 1.5l",
            "productId": "5002412_ea_000",
            "productShopPage": "https://www.newworld.co.nz/shop/product/5002412_ea_000nw",
            "productImageURL": "https://a.fsimg.co.nz/product/retail/fan/image/master/5002412.png",
            "productDescription": "Schweppes Sparkling Duet Raspberry is a delicious bubbly soft drink with the refreshing taste of raspberries. Sparkling Duet Raspberry is a distinctively refreshing beverage with a crisp berry taste of sparkling raspberry flavour. Schweppes Sparkling Duet Raspberry is available in single serve and sharing size bottles as well as multipacks.",
            "volume": "",
            "multipack": {
                "quantity": ""
            }
        },
        "priceData": {
            "bestPrice": "1.69",
            "price": "1.69",
            "pricePerLitre": 1.13,
            "bestPricePerLitre": 1.13
        },
        "store": {
            "id": "4664daab-1897-4e69-9117-067b4afd41bb",
            "name": "New World Onerahi"
        }
    },
    {
        "productData": {
            "name": "Pepsi Soft Drink 1.5l",
            "productId": "5005357_ea_000",
            "productShopPage": "https://www.newworld.co.nz/shop/product/5005357_ea_000nw",
            "productImageURL": "https://a.fsimg.co.nz/product/retail/fan/image/master/5005357.png",
            "productDescription": "Contains Caffeine.",
            "volume": "250mL",
            "multipack": {
                "quantity": "6"
            }
        },
        "priceData": {
            "bestPrice": "2.99",
            "price": "2.99",
            "pricePerLitre": 1.99,
            "bestPricePerLitre": 1.99
        },
        "store": {
            "id": "4664daab-1897-4e69-9117-067b4afd41bb",
            "name": "New World Onerahi"
        }
    },
    {
        "productData": {
            "name": "Mountain Dew Passionfruit Frenzy Soft Drink 1.5l",
            "productId": "5020541_ea_000",
            "productShopPage": "https://www.newworld.co.nz/shop/product/5020541_ea_000nw",
            "productImageURL": "https://a.fsimg.co.nz/product/retail/fan/image/master/5020541.png",
            "productDescription": "Contains Caffeine.",
            "volume": "250mL",
            "multipack": {
                "quantity": "6"
            }
        },
        "priceData": {
            "bestPrice": "2.99",
            "price": "2.99",
            "pricePerLitre": 1.99,
            "bestPricePerLitre": 1.99
        },
        "store": {
            "id": "4664daab-1897-4e69-9117-067b4afd41bb",
            "name": "New World Onerahi"
        }
    },
    {
        "productData": {
            "name": "Sprite No Sugar Lemon-Lime Soft Drink 1.5l",
            "productId": "5002185_ea_000",
            "productShopPage": "https://www.newworld.co.nz/shop/product/5002185_ea_000nw",
            "productImageURL": "https://a.fsimg.co.nz/product/retail/fan/image/master/5002185.png",
            "productDescription": "Buy 2 for $5.00. Limit 12 assorted.\n\n\nWith its clean, crisp, lemon-lime taste, Sprite No Sugar is a lemonade soft drink with no sugar and no added colours. Perfect with meals, as a mixer, on the go and relaxing at home. Sprite No Sugar Lemonade is available in cans, mini cans, single serve and sharing size bottles as well as multipacks.",
            "volume": "250mL",
            "multipack": {
                "quantity": "6"
            }
        },
        "priceData": {
            "bestPrice": 2.5,
            "price": 3.0,
            "pricePerLitre": 2.0,
            "bestPricePerLitre": 1.6666666666666667,
            "multiBuy": {
                "quantity": 2.0,
                "value": 5.0,
                "perUnit": 2.5
            }
        },
        "store": {
            "id": "4664daab-1897-4e69-9117-067b4afd41bb",
            "name": "New World Onerahi"
        }
    },
    {
        "productData": {
            "name": "Coca-Cola Coca-Cola Classic Cans 24 x 330ml",
            "productId": "5218270_ea_000",
            "productShopPage": "https://www.newworld.co.nz/shop/product/5218270_ea_000nw",
            "productImageURL": "https://a.fsimg.co.nz/product/retail/fan/image/master/5218270.png",
            "productDescription": "Nothing beats the taste of Coca-Cola Classic. It's the perfect companion whether you’re on the go, relaxing at home, enjoying with friends or as a drink with your meal. Refresh with the authentic Coke taste. Coca Cola soft drink is available in cans, mini cans, single serve and sharing size bottles as well as multipacks.",
            "volume": "330",
            "multipack": {
                "quantity": ""
            }
        },
        "priceData": {
            "bestPrice": "26.99",
            "price": "26.99",
            "pricePerLitre": 3.41,
            "bestPricePerLitre": 3.41
        },
        "store": {
            "id": "4664daab-1897-4e69-9117-067b4afd41bb",
            "name": "New World Onerahi"
        }
    },
    {
        "productData": {
            "name": "Pepsi Max Soft Drink 2l",
            "productId": "5018435_ea_000",
            "productShopPage": "https://www.newworld.co.nz/shop/product/5018435_ea_000nw",
            "productImageURL": "https://a.fsimg.co.nz/product/retail/fan/image/master/5018435.png",
            "productDescription": "Buy 2 for $6.00.\n\n\nNo Sugar. Contains Phenylalanine, Caffeine.",
            "volume": "250mL",
            "multipack": {
                "quantity": "8"
            }
        },
        "priceData": {
            "bestPrice": 3.0,
            "price": 3.0,
            "pricePerLitre": 1.5,
            "bestPricePerLitre": 1.5,
            "multiBuy": {
                "quantity": 2.0,
                "value": 6.0,
                "perUnit": 3.0
            }
        },
        "store": {
            "id": "4664daab-1897-4e69-9117-067b4afd41bb",
            "name": "New World Onerahi"
        }
    },
    {
        "productData": {
            "name": "Fanta Orange Soft Drink 1.5l",
            "productId": "5001550_ea_000",
            "productShopPage": "https://www.newworld.co.nz/shop/product/5001550_ea_000nw",
            "productImageURL": "https://a.fsimg.co.nz/product/retail/fan/image/master/5001550.png",
            "productDescription": "Buy 2 for $5.00. Limit 12 assorted.\n\n\nBright, bubbly and popular, Fanta is the orange soft drink with a tingly, fruity and bold taste. With no artificial colours, Fanta soft drink is perfect for enjoying with friends, on the go or having with meals. Fanta Orange is available in cans, mini cans, single serve and sharing size bottles as well as multipacks.",
            "volume": "250mL",
            "multipack": {
                "quantity": "6"
            }
        },
        "priceData": {
            "bestPrice": 2.5,
            "price": 3.0,
            "pricePerLitre": 2.0,
            "bestPricePerLitre": 1.6666666666666667,
            "multiBuy": {
                "quantity": 2.0,
                "value": 5.0,
                "perUnit": 2.5
            }
        },
        "store": {
            "id": "4664daab-1897-4e69-9117-067b4afd41bb",
            "name": "New World Onerahi"
        }
    },
    {
        "productData": {
            "name": "Sprite No Sugar Lemon-Lime Soft Drink 2.25l",
            "productId": "5007316_ea_000",
            "productShopPage": "https://www.newworld.co.nz/shop/product/5007316_ea_000nw",
            "productImageURL": "https://a.fsimg.co.nz/product/retail/fan/image/master/5007316.png",
            "productDescription": "With its clean, crisp, lemon-lime taste, Sprite No Sugar is a lemonade soft drink with no sugar and no added colours. Perfect with meals, as a mixer, on the go and relaxing at home. Sprite No Sugar Lemonade is available in cans, mini cans, single serve and sharing size bottles as well as multipacks.",
            "volume": "250mL",
            "multipack": {
                "quantity": "9"
            }
        },
        "priceData": {
            "bestPrice": "4.89",
            "price": "4.89",
            "pricePerLitre": 2.17,
            "bestPricePerLitre": 2.17
        },
        "store": {
            "id": "4664daab-1897-4e69-9117-067b4afd41bb",
            "name": "New World Onerahi"
        }
    },
    {
        "productData": {
            "name": "Schweppes Indian Tonic Water 1.5l",
            "productId": "5003627_ea_000",
            "productShopPage": "https://www.newworld.co.nz/shop/product/5003627_ea_000nw",
            "productImageURL": "https://a.fsimg.co.nz/product/retail/fan/image/master/5003627.png",
            "productDescription": "In 1783, Jacob Schweppe captivated the world by harnessing the effervescence of the world's finest soft drink. Schweppes Indian Tonic Water is the classic partner to the perfect gin - providing that crisp, bitter balance, it contains quinine from natural sources. Schweppes Tonic Water is available in single serve and sharing size bottles as well as multipacks.",
            "volume": "",
            "multipack": {
                "quantity": ""
            }
        },
        "priceData": {
            "bestPrice": "3.89",
            "price": "3.89",
            "pricePerLitre": 2.59,
            "bestPricePerLitre": 2.59
        },
        "store": {
            "id": "4664daab-1897-4e69-9117-067b4afd41bb",
            "name": "New World Onerahi"
        }
    },
    {
        "productData": {
            "name": "7 Up Soft Drink 1.5l",
            "productId": "5005356_ea_000",
            "productShopPage": "https://www.newworld.co.nz/shop/product/5005356_ea_000nw",
            "productImageURL": "https://a.fsimg.co.nz/product/retail/fan/image/master/5005356.png",
            "productDescription": "7Up Lemonade provides the ultimate refreshment experience, containing no colour or caffeine. 7Up Light is also available with no sugar, no colour and no caffeine.",
            "volume": "250mL",
            "multipack": {
                "quantity": "6"
            }
        },
        "priceData": {
            "bestPrice": "2.99",
            "price": "2.99",
            "pricePerLitre": 1.99,
            "bestPricePerLitre": 1.99
        },
        "store": {
            "id": "4664daab-1897-4e69-9117-067b4afd41bb",
            "name": "New World Onerahi"
        }
    },
    {
        "productData": {
            "name": "Fanta Orange Soft Drink 2.25l",
            "productId": "5001902_ea_000",
            "productShopPage": "https://www.newworld.co.nz/shop/product/5001902_ea_000nw",
            "productImageURL": "https://a.fsimg.co.nz/product/retail/fan/image/master/5001902.png",
            "productDescription": "Bright, bubbly and popular, Fanta is the orange soft drink with a tingly, fruity and bold taste. With no artificial colours, Fanta soft drink is perfect for enjoying with friends, on the go or having with meals. Fanta Orange is available in cans, mini cans, single serve and sharing size bottles as well as multipacks.",
            "volume": "250mL",
            "multipack": {
                "quantity": "9"
            }
        },
        "priceData": {
            "bestPrice": "4.89",
            "price": "4.89",
            "pricePerLitre": 2.17,
            "bestPricePerLitre": 2.17
        },
        "store": {
            "id": "4664daab-1897-4e69-9117-067b4afd41bb",
            "name": "New World Onerahi"
        }
    },
    {
        "productData": {
            "name": "Mountain Dew Soft Drink 2l",
            "productId": "5018433_ea_000",
            "productShopPage": "https://www.newworld.co.nz/shop/product/5018433_ea_000nw",
            "productImageURL": "https://a.fsimg.co.nz/product/retail/fan/image/master/5018433.png",
            "productDescription": "Buy 2 for $6.00.\n\n\nContains Caffeine.",
            "volume": "250mL",
            "multipack": {
                "quantity": "8"
            }
        },
        "priceData": {
            "bestPrice": 3.0,
            "price": 3.0,
            "pricePerLitre": 1.5,
            "bestPricePerLitre": 1.5,
            "multiBuy": {
                "quantity": 2.0,
                "value": 6.0,
                "perUnit": 3.0
            }
        },
        "store": {
            "id": "4664daab-1897-4e69-9117-067b4afd41bb",
            "name": "New World Onerahi"
        }
    },
    {
        "productData": {
            "name": "Schweppes Diet Indian Tonic Water 1.5l",
            "productId": "5001570_ea_000",
            "productShopPage": "https://www.newworld.co.nz/shop/product/5001570_ea_000nw",
            "productImageURL": "https://a.fsimg.co.nz/product/retail/fan/image/master/5001570.png",
            "productDescription": "In 1783, Jacob Schweppe captivated the world by harnessing the effervescence of the world's finest soft drink. Schweppes Diet Indian Tonic Water is the classic partner to the perfect gin - providing that crisp, bitter balance, it contains quinine from natural sources and no sugar. Schweppes Diet Tonic Water is available in single serve and sharing size bottles as well as multipacks.",
            "volume": "250mL",
            "multipack": {
                "quantity": "6"
            }
        },
        "priceData": {
            "bestPrice": "3.89",
            "price": "3.89",
            "pricePerLitre": 2.59,
            "bestPricePerLitre": 2.59
        },
        "store": {
            "id": "4664daab-1897-4e69-9117-067b4afd41bb",
            "name": "New World Onerahi"
        }
    },
    {
        "productData": {
            "name": "Schweppes Sparkling Lemonade 1.5l",
            "productId": "5007574_ea_000",
            "productShopPage": "https://www.newworld.co.nz/shop/product/5007574_ea_000nw",
            "productImageURL": "https://a.fsimg.co.nz/product/retail/fan/image/master/5007574.png",
            "productDescription": "Schweppes Sparkling Lemonade is a delicious bubbly soft drink with a crisp citrus bite of sparkling lemon flavour. Sparkling Lemonade is available in sharing size bottles as well as multipacks.",
            "volume": "",
            "multipack": {
                "quantity": ""
            }
        },
        "priceData": {
            "bestPrice": "1.69",
            "price": "1.69",
            "pricePerLitre": 1.13,
            "bestPricePerLitre": 1.13
        },
        "store": {
            "id": "4664daab-1897-4e69-9117-067b4afd41bb",
            "name": "New World Onerahi"
        }
    },
    {
        "productData": {
            "name": "Schweppes Sparkling Lemon 1.5l",
            "productId": "5007573_ea_000",
            "productShopPage": "https://www.newworld.co.nz/shop/product/5007573_ea_000nw",
            "productImageURL": "https://a.fsimg.co.nz/product/retail/fan/image/master/5007573.png",
            "productDescription": "Schweppes Sparkling Duet Lemon is a delicious bubbly soft drink with the refreshing taste of lemons. Sparkling Duet Lemon is a distinctively refreshing beverage with a crisp citrus bite of sparkling lemon flavour. Sparkling Duet Lemon is available in single serve and sharing size bottles as well as multipacks.",
            "volume": "",
            "multipack": {
                "quantity": ""
            }
        },
        "priceData": {
            "bestPrice": "1.69",
            "price": "1.69",
            "pricePerLitre": 1.13,
            "bestPricePerLitre": 1.13
        },
        "store": {
            "id": "4664daab-1897-4e69-9117-067b4afd41bb",
            "name": "New World Onerahi"
        }
    },
    {
        "productData": {
            "name": "Coca-Cola Soft Drink 600ml",
            "productId": "5001559_ea_000",
            "productShopPage": "https://www.newworld.co.nz/shop/product/5001559_ea_000nw",
            "productImageURL": "https://a.fsimg.co.nz/product/retail/fan/image/master/5001559.png",
            "productDescription": "Nothing beats the taste of Coca-Cola Classic. It's the perfect companion whether you’re on the go, relaxing at home, enjoying with friends or as a drink with your meal. Refresh with the authentic Coke taste. Coca Cola soft drink is available in cans, mini cans, single serve and sharing size bottles as well as multipacks.",
            "volume": "600",
            "multipack": {
                "quantity": ""
            }
        },
        "priceData": {
            "bestPrice": "3.99",
            "price": "3.99",
            "pricePerLitre": 6.7,
            "bestPricePerLitre": 6.7
        },
        "store": {
            "id": "4664daab-1897-4e69-9117-067b4afd41bb",
            "name": "New World Onerahi"
        }
    },
    {
        "productData": {
            "name": "Schweppes Dry Ginger Ale 1.5l",
            "productId": "5003625_ea_000",
            "productShopPage": "https://www.newworld.co.nz/shop/product/5003625_ea_000nw",
            "productImageURL": "https://a.fsimg.co.nz/product/retail/fan/image/master/5003625.png",
            "productDescription": "In 1783, Jacob Schweppe captivated the world by harnessing the effervescence of the world's finest soft drink. Schweppes Dry Ginger ale is the perfect mixer with alcohol with its zesty bite and spicy flavour. Schweppes Dry Ginger Ale is available in single serve and sharing size bottles as well as multipacks.",
            "volume": "",
            "multipack": {
                "quantity": ""
            }
        },
        "priceData": {
            "bestPrice": "3.89",
            "price": "3.89",
            "pricePerLitre": 2.59,
            "bestPricePerLitre": 2.59
        },
        "store": {
            "id": "4664daab-1897-4e69-9117-067b4afd41bb",
            "name": "New World Onerahi"
        }
    },
    {
        "productData": {
            "name": "Bundaberg Ginger Beer 10 x 375ml",
            "productId": "5004349_ea_000",
            "productShopPage": "https://www.newworld.co.nz/shop/product/5004349_ea_000nw",
            "productImageURL": "https://a.fsimg.co.nz/product/retail/fan/image/master/5004349.png",
            "productDescription": "Australian Family Owned.",
            "volume": "375",
            "multipack": {
                "quantity": "10"
            }
        },
        "priceData": {
            "bestPrice": "15.49",
            "price": "15.49",
            "pricePerLitre": 4.13,
            "bestPricePerLitre": 4.13
        },
        "store": {
            "id": "4664daab-1897-4e69-9117-067b4afd41bb",
            "name": "New World Onerahi"
        }
    },
    {
        "productData": {
            "name": "Bundaberg Ginger Beer 4 x 375ml",
            "productId": "5005222_ea_000",
            "productShopPage": "https://www.newworld.co.nz/shop/product/5005222_ea_000nw",
            "productImageURL": "https://a.fsimg.co.nz/product/retail/fan/image/master/5005222.png",
            "productDescription": "",
            "volume": "375",
            "multipack": {
                "quantity": "1"
            }
        },
        "priceData": {
            "bestPrice": "6.69",
            "price": "6.69",
            "pricePerLitre": 4.46,
            "bestPricePerLitre": 4.46
        },
        "store": {
            "id": "4664daab-1897-4e69-9117-067b4afd41bb",
            "name": "New World Onerahi"
        }
    },
    {
        "productData": {
            "name": "Lift Sparkling Lemon Fruit Drink 1.5l",
            "productId": "5001552_ea_000",
            "productShopPage": "https://www.newworld.co.nz/shop/product/5001552_ea_000nw",
            "productImageURL": "https://a.fsimg.co.nz/product/retail/fan/image/master/5001552.png",
            "productDescription": "Buy 2 for $5.00. Limit 12 assorted.\n\n\nLift is positively uplifting - the clean and crisp lemon taste that refreshes and gets you feeling good again. It has a refreshing, zesty lemon taste, made with 5% lemon juice. Lift soft drink is available in cans, single serve and sharing size bottles as well as multipacks.",
            "volume": "250mL",
            "multipack": {
                "quantity": "6"
            }
        },
        "priceData": {
            "bestPrice": 2.5,
            "price": 3.0,
            "pricePerLitre": 2.0,
            "bestPricePerLitre": 1.6666666666666667,
            "multiBuy": {
                "quantity": 2.0,
                "value": 5.0,
                "perUnit": 2.5
            }
        },
        "store": {
            "id": "4664daab-1897-4e69-9117-067b4afd41bb",
            "name": "New World Onerahi"
        }
    },
    {
        "productData": {
            "name": "L&P Sugar Free Soft Drink 1.5l",
            "productId": "5002395_ea_000",
            "productShopPage": "https://www.newworld.co.nz/shop/product/5002395_ea_000nw",
            "productImageURL": "https://a.fsimg.co.nz/product/retail/fan/image/master/5002395.png",
            "productDescription": "Buy 2 for $5.00. Limit 12 assorted.\n\n\nSugar Free. Contains Phenylalanine.",
            "volume": "250mL",
            "multipack": {
                "quantity": "6"
            }
        },
        "priceData": {
            "bestPrice": 2.5,
            "price": 3.0,
            "pricePerLitre": 2.0,
            "bestPricePerLitre": 1.6666666666666667,
            "multiBuy": {
                "quantity": 2.0,
                "value": 5.0,
                "perUnit": 2.5
            }
        },
        "store": {
            "id": "4664daab-1897-4e69-9117-067b4afd41bb",
            "name": "New World Onerahi"
        }
    },
    {
        "productData": {
            "name": "Pepsi Soft Drink 2l",
            "productId": "5018437_ea_000",
            "productShopPage": "https://www.newworld.co.nz/shop/product/5018437_ea_000nw",
            "productImageURL": "https://a.fsimg.co.nz/product/retail/fan/image/master/5018437.png",
            "productDescription": "Buy 2 for $6.00.\n\n\nContains Caffeine.",
            "volume": "250mL",
            "multipack": {
                "quantity": "8"
            }
        },
        "priceData": {
            "bestPrice": 3.0,
            "price": 3.0,
            "pricePerLitre": 1.5,
            "bestPricePerLitre": 1.5,
            "multiBuy": {
                "quantity": 2.0,
                "value": 6.0,
                "perUnit": 3.0
            }
        },
        "store": {
            "id": "4664daab-1897-4e69-9117-067b4afd41bb",
            "name": "New World Onerahi"
        }
    },
    {
        "productData": {
            "name": "Coca-Cola Vanilla Soft Drink 1.5l",
            "productId": "5011515_ea_000",
            "productShopPage": "https://www.newworld.co.nz/shop/product/5011515_ea_000nw",
            "productImageURL": "https://a.fsimg.co.nz/product/retail/fan/image/master/5011515.png",
            "productDescription": "Buy 2 for $5.00. Limit 12 assorted.\n\n\nCoca-Cola Vanilla has a refreshing Coca-Cola taste with a sweet hint of vanilla. Coca Cola Vanilla soft drink is available in cans, mini cans, single serve and sharing size bottles as well as multipacks.",
            "volume": "250mL",
            "multipack": {
                "quantity": "6"
            }
        },
        "priceData": {
            "bestPrice": 2.5,
            "price": 3.0,
            "pricePerLitre": 2.0,
            "bestPricePerLitre": 1.6666666666666667,
            "multiBuy": {
                "quantity": 2.0,
                "value": 5.0,
                "perUnit": 2.5
            }
        },
        "store": {
            "id": "4664daab-1897-4e69-9117-067b4afd41bb",
            "name": "New World Onerahi"
        }
    },
    {
        "productData": {
            "name": "L&P Soft Drink 2.25l",
            "productId": "5001901_ea_000",
            "productShopPage": "https://www.newworld.co.nz/shop/product/5001901_ea_000nw",
            "productImageURL": "https://a.fsimg.co.nz/product/retail/fan/image/master/5001901.png",
            "productDescription": "L&P is the classic drink that has been refreshing NZers since ages ago, when some bright spark in Paeroa first created, bottled and whacked a label on it. L&P. World Famous In New Zealand.",
            "volume": "250mL",
            "multipack": {
                "quantity": "9"
            }
        },
        "priceData": {
            "bestPrice": "4.89",
            "price": "4.89",
            "pricePerLitre": 2.17,
            "bestPricePerLitre": 2.17
        },
        "store": {
            "id": "4664daab-1897-4e69-9117-067b4afd41bb",
            "name": "New World Onerahi"
        }
    },
    {
        "productData": {
            "name": "Coca-Cola Soft Drink Cans 6 x 250ml",
            "productId": "5021314_ea_000",
            "productShopPage": "https://www.newworld.co.nz/shop/product/5021314_ea_000nw",
            "productImageURL": "https://a.fsimg.co.nz/product/retail/fan/image/master/5021314.png",
            "productDescription": "Nothing beats the taste of Coca-Cola Classic. It's the perfect companion whether you’re on the go, relaxing at home, enjoying with friends or as a drink with your meal. Refresh with the authentic Coke taste. Coca Cola soft drink is available in cans, mini cans, single serve and sharing size bottles as well as multipacks.",
            "volume": "250",
            "multipack": {
                "quantity": "6"
            }
        },
        "priceData": {
            "bestPrice": "7.29",
            "price": "7.29",
            "pricePerLitre": 4.86,
            "bestPricePerLitre": 4.86
        },
        "store": {
            "id": "4664daab-1897-4e69-9117-067b4afd41bb",
            "name": "New World Onerahi"
        }
    },
    {
        "productData": {
            "name": "Schweppes Classic Soda Water 1.5l",
            "productId": "5003624_ea_000",
            "productShopPage": "https://www.newworld.co.nz/shop/product/5003624_ea_000nw",
            "productImageURL": "https://a.fsimg.co.nz/product/retail/fan/image/master/5003624.png",
            "productDescription": "In 1783, Jacob Schweppe captivated the world by harnessing the effervescence of the world's finest soft drink. Schweppes Classic Soda Water is a crisp, refreshing, sparkling soda water made with the perfect blend of mineral salts and pure natural water. Schweppes Classic Soda Water can be enjoyed on its own with a slice of lemon or as a mixer. Schweppes' range of sophisticated sparkling soft drinks are the perfect choice for enjoying either straight or as a mixer. Schweppes Soda Water is available in single serve and sharing size bottles as well as multipacks.",
            "volume": "",
            "multipack": {
                "quantity": ""
            }
        },
        "priceData": {
            "bestPrice": "3.89",
            "price": "3.89",
            "pricePerLitre": 2.59,
            "bestPricePerLitre": 2.59
        },
        "store": {
            "id": "4664daab-1897-4e69-9117-067b4afd41bb",
            "name": "New World Onerahi"
        }
    },
    {
        "productData": {
            "name": "Diet Coca-Cola Soft Drink 1.5l",
            "productId": "5001549_ea_000",
            "productShopPage": "https://www.newworld.co.nz/shop/product/5001549_ea_000nw",
            "productImageURL": "https://a.fsimg.co.nz/product/retail/fan/image/master/5001549.png",
            "productDescription": "Buy 2 for $5.00. Limit 12 assorted.\n\n\nDiet Coke is a deliciously light, sugar free and low kilojoule soft drink. It delivers a distinct, unique and lighter taste to Coca-Cola Classic. With its bubbly sparkle, 'Diet Coke' has been refreshing and delighting drinkers for decades. The perfect sparkling soft drink for enjoying on the go, having with a meal or relaxing with at home. Coca Cola Diet soft drink is available in cans, mini cans, single serve and sharing size bottles as well as multipacks.",
            "volume": "250mL",
            "multipack": {
                "quantity": "6"
            }
        },
        "priceData": {
            "bestPrice": 2.5,
            "price": 3.0,
            "pricePerLitre": 2.0,
            "bestPricePerLitre": 1.6666666666666667,
            "multiBuy": {
                "quantity": 2.0,
                "value": 5.0,
                "perUnit": 2.5
            }
        },
        "store": {
            "id": "4664daab-1897-4e69-9117-067b4afd41bb",
            "name": "New World Onerahi"
        }
    },
    {
        "productData": {
            "name": "Lift Sparkling Lemon Fruit Drink 2.25l",
            "productId": "5002898_ea_000",
            "productShopPage": "https://www.newworld.co.nz/shop/product/5002898_ea_000nw",
            "productImageURL": "https://a.fsimg.co.nz/product/retail/fan/image/master/5002898.png",
            "productDescription": "Lift is positively uplifting - the clean and crisp lemon taste that refreshes and gets you feeling good again. It has a refreshing, zesty lemon taste, made with 5% lemon juice. Lift soft drink is available in cans, single serve and sharing size bottles as well as multipacks.",
            "volume": "",
            "multipack": {
                "quantity": ""
            }
        },
        "priceData": {
            "bestPrice": "4.89",
            "price": "4.89",
            "pricePerLitre": 2.17,
            "bestPricePerLitre": 2.17
        },
        "store": {
            "id": "4664daab-1897-4e69-9117-067b4afd41bb",
            "name": "New World Onerahi"
        }
    },
    {
        "productData": {
            "name": "Diet Coca-Cola Soft Drink 2.25l",
            "productId": "5001904_ea_000",
            "productShopPage": "https://www.newworld.co.nz/shop/product/5001904_ea_000nw",
            "productImageURL": "https://a.fsimg.co.nz/product/retail/fan/image/master/5001904.png",
            "productDescription": "Diet Coke is a deliciously light, sugar free and low kilojoule soft drink. It delivers a distinct, unique and lighter taste to Coca-Cola Classic. With its bubbly sparkle, 'Diet Coke' has been refreshing and delighting drinkers for decades. The perfect sparkling soft drink for enjoying on the go, having with a meal or relaxing with at home. Coca Cola Diet soft drink is available in cans, mini cans, single serve and sharing size bottles as well as multipacks.",
            "volume": "250mL",
            "multipack": {
                "quantity": "9"
            }
        },
        "priceData": {
            "bestPrice": "4.89",
            "price": "4.89",
            "pricePerLitre": 2.17,
            "bestPricePerLitre": 2.17
        },
        "store": {
            "id": "4664daab-1897-4e69-9117-067b4afd41bb",
            "name": "New World Onerahi"
        }
    },
    {
        "productData": {
            "name": "Coca-Cola Soft Drink Cans 8 x 330ml",
            "productId": "5218038_ea_000",
            "productShopPage": "https://www.newworld.co.nz/shop/product/5218038_ea_000nw",
            "productImageURL": "https://a.fsimg.co.nz/product/retail/fan/image/master/5218038.png",
            "productDescription": "Nothing beats the taste of Coca-Cola Classic. It's the perfect companion whether you’re on the go, relaxing at home, enjoying with friends or as a drink with your meal. Refresh with the authentic Coke taste. Coca Cola soft drink is available in cans, mini cans, single serve and sharing size bottles as well as multipacks.",
            "volume": "330",
            "multipack": {
                "quantity": ""
            }
        },
        "priceData": {
            "bestPrice": "12.99",
            "price": "12.99",
            "pricePerLitre": 4.92,
            "bestPricePerLitre": 4.92
        },
        "store": {
            "id": "4664daab-1897-4e69-9117-067b4afd41bb",
            "name": "New World Onerahi"
        }
    },
    {
        "productData": {
            "name": "Sprite Lemon-Lime Natural Flavour Soft Drink Cans 24pk",
            "productId": "5218274_ea_000",
            "productShopPage": "https://www.newworld.co.nz/shop/product/5218274_ea_000nw",
            "productImageURL": "https://a.fsimg.co.nz/product/retail/fan/image/master/5218274.png",
            "productDescription": "With its clean, crisp, lemon-lime taste, Sprite is a lemonade soft drink which quenches your thirst with a hit of refreshment. Perfect with meals, as a mixer, on the go and relaxing at home. Sprite softdrink has no added colours. Sprite is available in cans, mini cans, single serve and sharing size bottles as well as multipacks.",
            "volume": "",
            "multipack": {
                "quantity": ""
            }
        },
        "priceData": {
            "bestPrice": "26.99",
            "price": "26.99",
            "pricePerLitre": 3.41,
            "bestPricePerLitre": 3.41
        },
        "store": {
            "id": "4664daab-1897-4e69-9117-067b4afd41bb",
            "name": "New World Onerahi"
        }
    },
    {
        "productData": {
            "name": "Pepsi Max No Sugar Soft Drink Cans 6 x 330ml",
            "productId": "5283391_ea_000",
            "productShopPage": "https://www.newworld.co.nz/shop/product/5283391_ea_000nw",
            "productImageURL": "https://a.fsimg.co.nz/product/retail/fan/image/master/5283391.png",
            "productDescription": "Low joule cola.",
            "volume": "330",
            "multipack": {
                "quantity": "6"
            }
        },
        "priceData": {
            "bestPrice": "4.49",
            "price": "4.49",
            "pricePerLitre": 2.27,
            "bestPricePerLitre": 2.27
        },
        "store": {
            "id": "4664daab-1897-4e69-9117-067b4afd41bb",
            "name": "New World Onerahi"
        }
    },
    {
        "productData": {
            "name": "Schweppes Soda Water With A Twist Of Lemon 1.5l",
            "productId": "5001569_ea_000",
            "productShopPage": "https://www.newworld.co.nz/shop/product/5001569_ea_000nw",
            "productImageURL": "https://a.fsimg.co.nz/product/retail/fan/image/master/5001569.png",
            "productDescription": "In 1783, Jacob Schweppe captivated the world by harnessing the effervescence of the world's finest soft drink. Schweppes Soda Water with a twist of lemon is a crisp, refreshing, sparkling soda water with a delicious hint of lemon for added zing. It is the perfect choice for enjoying either straight or as a mixer. Schweppes Soda Water with a twist of lemon is available in single serve and multiserve bottles as well as multipacks.",
            "volume": "250mL",
            "multipack": {
                "quantity": "6"
            }
        },
        "priceData": {
            "bestPrice": "3.89",
            "price": "3.89",
            "pricePerLitre": 2.59,
            "bestPricePerLitre": 2.59
        },
        "store": {
            "id": "4664daab-1897-4e69-9117-067b4afd41bb",
            "name": "New World Onerahi"
        }
    },
    {
        "productData": {
            "name": "Schweppes Diet Dry Ginger Ale 1.5l",
            "productId": "5001290_ea_000",
            "productShopPage": "https://www.newworld.co.nz/shop/product/5001290_ea_000nw",
            "productImageURL": "https://a.fsimg.co.nz/product/retail/fan/image/master/5001290.png",
            "productDescription": "In 1783, Jacob Schweppe captivated the world by harnessing the effervescence of the world's finest soft drink. Schweppes Diet Dry Ginger ale is the perfect mixer with alcohol with its zesty bite and spicy flavour. It contains no sugar. Schweppes Diet Dry Ginger Ale is available in single serve and sharing size bottles as well as multipacks.",
            "volume": "",
            "multipack": {
                "quantity": ""
            }
        },
        "priceData": {
            "bestPrice": "3.89",
            "price": "3.89",
            "pricePerLitre": 2.59,
            "bestPricePerLitre": 2.59
        },
        "store": {
            "id": "4664daab-1897-4e69-9117-067b4afd41bb",
            "name": "New World Onerahi"
        }
    },
    {
        "productData": {
            "name": "Sprite Lemon-Lime Natural Flavour Soft Drink 600ml",
            "productId": "5001564_ea_000",
            "productShopPage": "https://www.newworld.co.nz/shop/product/5001564_ea_000nw",
            "productImageURL": "https://a.fsimg.co.nz/product/retail/fan/image/master/5001564.png",
            "productDescription": "With its clean, crisp, lemon-lime taste, Sprite is a lemonade soft drink which quenches your thirst with a hit of refreshment. Perfect with meals, as a mixer, on the go and relaxing at home. Sprite soft drink has no added colours. Sprite is available in cans, mini cans, single serve and sharing size bottles as well as multipacks.",
            "volume": "600",
            "multipack": {
                "quantity": ""
            }
        },
        "priceData": {
            "bestPrice": "3.99",
            "price": "3.99",
            "pricePerLitre": 6.65,
            "bestPricePerLitre": 6.65
        },
        "store": {
            "id": "4664daab-1897-4e69-9117-067b4afd41bb",
            "name": "New World Onerahi"
        }
    },
    {
        "productData": {
            "name": "7 Up Soft Drink 2l",
            "productId": "5018431_ea_000",
            "productShopPage": "https://www.newworld.co.nz/shop/product/5018431_ea_000nw",
            "productImageURL": "https://a.fsimg.co.nz/product/retail/fan/image/master/5018431.png",
            "productDescription": "Buy 2 for $6.00.",
            "volume": "250mL",
            "multipack": {
                "quantity": "8"
            }
        },
        "priceData": {
            "bestPrice": 3.0,
            "price": 3.0,
            "pricePerLitre": 1.5,
            "bestPricePerLitre": 1.5,
            "multiBuy": {
                "quantity": 2.0,
                "value": 6.0,
                "perUnit": 3.0
            }
        },
        "store": {
            "id": "4664daab-1897-4e69-9117-067b4afd41bb",
            "name": "New World Onerahi"
        }
    },
    {
        "productData": {
            "name": "Schweppes Classic Dry Lemonade Soft Drink 1.5l",
            "productId": "5003626_ea_000",
            "productShopPage": "https://www.newworld.co.nz/shop/product/5003626_ea_000nw",
            "productImageURL": "https://a.fsimg.co.nz/product/retail/fan/image/master/5003626.png",
            "productDescription": "In 1783, Jacob Schweppe captivated the world by harnessing the effervescence of the world's finest soft drink. Schweppes Classic Dry Lemonade can be enjoyed on its own with a slice of lemon or as a mixer. Schweppes Dry Lemonade is available in single serve and sharing size bottles as well as multipacks.",
            "volume": "",
            "multipack": {
                "quantity": ""
            }
        },
        "priceData": {
            "bestPrice": "3.89",
            "price": "3.89",
            "pricePerLitre": 2.59,
            "bestPricePerLitre": 2.59
        },
        "store": {
            "id": "4664daab-1897-4e69-9117-067b4afd41bb",
            "name": "New World Onerahi"
        }
    },
    {
        "productData": {
            "name": "Schweppes Indian Tonic Water Cans 6 x 250ml",
            "productId": "5032325_ea_000",
            "productShopPage": "https://www.newworld.co.nz/shop/product/5032325_ea_000nw",
            "productImageURL": "https://a.fsimg.co.nz/product/retail/fan/image/master/5032325.png",
            "productDescription": "In 1783, Jacob Schweppe captivated the world by harnessing the effervescence of the world's finest soft drink. Schweppes Indian Tonic Water is the classic partner to the perfect gin - providing that crisp, bitter balance, it contains quinine from natural sources. Schweppes Tonic Water is available in single serve and sharing size bottles as well as multipacks.",
            "volume": "250",
            "multipack": {
                "quantity": "6"
            }
        },
        "priceData": {
            "bestPrice": "5.99",
            "price": "5.99",
            "pricePerLitre": 3.99,
            "bestPricePerLitre": 3.99
        },
        "store": {
            "id": "4664daab-1897-4e69-9117-067b4afd41bb",
            "name": "New World Onerahi"
        }
    },
    {
        "productData": {
            "name": "Fanta Orange Soft Drink Cans 8 x 330ml",
            "productId": "5218051_ea_000",
            "productShopPage": "https://www.newworld.co.nz/shop/product/5218051_ea_000nw",
            "productImageURL": "https://a.fsimg.co.nz/product/retail/fan/image/master/5218051.png",
            "productDescription": "Bright, bubbly and popular, Fanta is the orange soft drink with a tingly, fruity and bold taste. With no artificial colours, Fanta soft drink is perfect for enjoying with friends, on the go or having with meals. Fanta Orange is available in cans, mini cans, single serve and sharing size bottles as well as multipacks.",
            "volume": "330",
            "multipack": {
                "quantity": ""
            }
        },
        "priceData": {
            "bestPrice": "12.99",
            "price": "12.99",
            "pricePerLitre": 4.92,
            "bestPricePerLitre": 4.92
        },
        "store": {
            "id": "4664daab-1897-4e69-9117-067b4afd41bb",
            "name": "New World Onerahi"
        }
    },
    {
        "productData": {
            "name": "Bundaberg Ginger Beer 375ml",
            "productId": "5003638_ea_000",
            "productShopPage": "https://www.newworld.co.nz/shop/product/5003638_ea_000nw",
            "productImageURL": "https://a.fsimg.co.nz/product/retail/fan/image/master/5003638.png",
            "productDescription": "No artificial colours or flavours",
            "volume": "375",
            "multipack": {
                "quantity": "1"
            }
        },
        "priceData": {
            "bestPrice": "2.19",
            "price": "2.19",
            "pricePerLitre": 5.84,
            "bestPricePerLitre": 5.84
        },
        "store": {
            "id": "4664daab-1897-4e69-9117-067b4afd41bb",
            "name": "New World Onerahi"
        }
    },
    {
        "productData": {
            "name": "Sprite Lemon-Lime Soft Drink Cans 6 x 250ml",
            "productId": "5021321_ea_000",
            "productShopPage": "https://www.newworld.co.nz/shop/product/5021321_ea_000nw",
            "productImageURL": "https://a.fsimg.co.nz/product/retail/fan/image/master/5021321.png",
            "productDescription": "With its clean, crisp, lemon-lime taste, Sprite is a lemonade soft drink which quenches your thirst with a hit of refreshment. Perfect with meals, as a mixer, on the go and relaxing at home. Sprite soft drink has no added colours. Sprite is available in cans, mini cans, single serve and sharing size bottles as well as multipacks.",
            "volume": "250",
            "multipack": {
                "quantity": ""
            }
        },
        "priceData": {
            "bestPrice": "7.29",
            "price": "7.29",
            "pricePerLitre": 4.86,
            "bestPricePerLitre": 4.86
        },
        "store": {
            "id": "4664daab-1897-4e69-9117-067b4afd41bb",
            "name": "New World Onerahi"
        }
    },
    {
        "productData": {
            "name": "Sprite No Sugar Lemon-Lime Soft Drink Cans 6 x 250ml",
            "productId": "5021323_ea_000",
            "productShopPage": "https://www.newworld.co.nz/shop/product/5021323_ea_000nw",
            "productImageURL": "https://a.fsimg.co.nz/product/retail/fan/image/master/5021323.png",
            "productDescription": "No Sugar. No Artificial Colours or Flavours. Contains Phenylalanine.",
            "volume": "250",
            "multipack": {
                "quantity": ""
            }
        },
        "priceData": {
            "bestPrice": "7.29",
            "price": "7.29",
            "pricePerLitre": 4.86,
            "bestPricePerLitre": 4.86
        },
        "store": {
            "id": "4664daab-1897-4e69-9117-067b4afd41bb",
            "name": "New World Onerahi"
        }
    },
    {
        "productData": {
            "name": "Schweppes Ginger Beer 1.5l",
            "productId": "5007572_ea_000",
            "productShopPage": "https://www.newworld.co.nz/shop/product/5007572_ea_000nw",
            "productImageURL": "https://a.fsimg.co.nz/product/retail/fan/image/master/5007572.png",
            "productDescription": "In 1783, Jacob Schweppe captivated the world by harnessing the effervescence of the world's finest soft drink. Schweppes Ginger Beer has a delicious spicy flavour and can be enjoyed on its own or as a mixer. Schweppes Ginger Beer is available in single serve and multiserve bottles.",
            "volume": "",
            "multipack": {
                "quantity": ""
            }
        },
        "priceData": {
            "bestPrice": "3.89",
            "price": "3.89",
            "pricePerLitre": 2.59,
            "bestPricePerLitre": 2.59
        },
        "store": {
            "id": "4664daab-1897-4e69-9117-067b4afd41bb",
            "name": "New World Onerahi"
        }
    },
    {
        "productData": {
            "name": "Sprite No Sugar Lemon-Lime Soft Drink Cans 8 x 330ml",
            "productId": "5218048_ea_000",
            "productShopPage": "https://www.newworld.co.nz/shop/product/5218048_ea_000nw",
            "productImageURL": "https://a.fsimg.co.nz/product/retail/fan/image/master/5218048.png",
            "productDescription": "With its clean, crisp, lemon-lime taste, Sprite No Sugar is a lemonade soft drink with no sugar and no added colours. Perfect with meals, as a mixer, on the go and relaxing at home. Sprite No Sugar Lemonade is available in cans, mini cans, single serve and sharing size bottles as well as multipacks.",
            "volume": "330",
            "multipack": {
                "quantity": ""
            }
        },
        "priceData": {
            "bestPrice": "12.99",
            "price": "12.99",
            "pricePerLitre": 4.92,
            "bestPricePerLitre": 4.92
        },
        "store": {
            "id": "4664daab-1897-4e69-9117-067b4afd41bb",
            "name": "New World Onerahi"
        }
    },
    {
        "productData": {
            "name": "Pepsi Soft Drink Cans 6 x 330ml",
            "productId": "5283385_ea_000",
            "productShopPage": "https://www.newworld.co.nz/shop/product/5283385_ea_000nw",
            "productImageURL": "https://a.fsimg.co.nz/product/retail/fan/image/master/5283385.png",
            "productDescription": "",
            "volume": "330",
            "multipack": {
                "quantity": "6"
            }
        },
        "priceData": {
            "bestPrice": "4.49",
            "price": "4.49",
            "pricePerLitre": 2.27,
            "bestPricePerLitre": 2.27
        },
        "store": {
            "id": "4664daab-1897-4e69-9117-067b4afd41bb",
            "name": "New World Onerahi"
        }
    },
    {
        "productData": {
            "name": "Bundaberg Lemon Lime & Bitters 4 x 375ml",
            "productId": "5037103_ea_000",
            "productShopPage": "https://www.newworld.co.nz/shop/product/5037103_ea_000nw",
            "productImageURL": "https://a.fsimg.co.nz/product/retail/fan/image/master/5037103.png",
            "productDescription": "",
            "volume": "375",
            "multipack": {
                "quantity": ""
            }
        },
        "priceData": {
            "bestPrice": "6.69",
            "price": "6.69",
            "pricePerLitre": 4.46,
            "bestPricePerLitre": 4.46
        },
        "store": {
            "id": "4664daab-1897-4e69-9117-067b4afd41bb",
            "name": "New World Onerahi"
        }
    },
    {
        "productData": {
            "name": "Schweppes Sparkling Duet Orange & Lemon Soft Drink Cans 6 x 330ml",
            "productId": "5218099_ea_000",
            "productShopPage": "https://www.newworld.co.nz/shop/product/5218099_ea_000nw",
            "productImageURL": "https://a.fsimg.co.nz/product/retail/fan/image/master/5218099.png",
            "productDescription": "Schweppes Sparkling Duet, with the crisp citrus tang of lemon and orange, is made with 6% real fruit juice, making it a New Zealand favourite. Sparkling Duet Orange and Lemon is a distinctively refreshing beverage. Schweppes Sparkling Duet Orange and Lemon is available in single serve and sharing size bottles as well as multipacks.",
            "volume": "330",
            "multipack": {
                "quantity": ""
            }
        },
        "priceData": {
            "bestPrice": "5.00",
            "price": "5.00",
            "pricePerLitre": 2.53,
            "bestPricePerLitre": 2.53
        },
        "store": {
            "id": "4664daab-1897-4e69-9117-067b4afd41bb",
            "name": "New World Onerahi"
        }
    },
    {
        "productData": {
            "name": "Bundaberg Diet Ginger Beer 4 x 375ml",
            "productId": "5037163_ea_000",
            "productShopPage": "https://www.newworld.co.nz/shop/product/5037163_ea_000nw",
            "productImageURL": "https://a.fsimg.co.nz/product/retail/fan/image/master/5037163.png",
            "productDescription": "",
            "volume": "375",
            "multipack": {
                "quantity": ""
            }
        },
        "priceData": {
            "bestPrice": "6.69",
            "price": "6.69",
            "pricePerLitre": 4.46,
            "bestPricePerLitre": 4.46
        },
        "store": {
            "id": "4664daab-1897-4e69-9117-067b4afd41bb",
            "name": "New World Onerahi"
        }
    },
    {
        "productData": {
            "name": "Schweppes Sparkling Diet Lemonade 1.5l",
            "productId": "5013095_ea_000",
            "productShopPage": "https://www.newworld.co.nz/shop/product/5013095_ea_000nw",
            "productImageURL": "https://a.fsimg.co.nz/product/retail/fan/image/master/5013095.png",
            "productDescription": "Schweppes Sparkling Duet Diet Lemonade is a delicious bubbly soft drink with no sugar. Sparkling Duet Diet Lemonade is a distinctively refreshing beverage with a crisp citrus bite of sparkling lemon flavour. Sparkling Duet is available in sharing size bottles as well as multipacks.",
            "volume": "",
            "multipack": {
                "quantity": ""
            }
        },
        "priceData": {
            "bestPrice": "1.69",
            "price": "1.69",
            "pricePerLitre": 1.13,
            "bestPricePerLitre": 1.13
        },
        "store": {
            "id": "4664daab-1897-4e69-9117-067b4afd41bb",
            "name": "New World Onerahi"
        }
    },
    {
        "productData": {
            "name": "Schweppes Lemon Lime & Bitters 4 x 330ml",
            "productId": "5036070_ea_000",
            "productShopPage": "https://www.newworld.co.nz/shop/product/5036070_ea_000nw",
            "productImageURL": "https://a.fsimg.co.nz/product/retail/fan/image/master/5036070.png",
            "productDescription": "Schweppes Lemon Lime and Bitters is made with authentic aromatic bitters flavour for added bite. Its bitter notes are perfectly balanced with sweetness for the ultimate summer drink. Schweppes Lemon Lime Bitters is available in single serve bottles as well as multipacks.",
            "volume": "330",
            "multipack": {
                "quantity": "4"
            }
        },
        "priceData": {
            "bestPrice": "4.99",
            "price": "4.99",
            "pricePerLitre": 3.7803030303030303,
            "bestPricePerLitre": 3.7803030303030303
        },
        "store": {
            "id": "4664daab-1897-4e69-9117-067b4afd41bb",
            "name": "New World Onerahi"
        }
    },
    {
        "productData": {
            "name": "Sprite Lemon-Lime Natural Soft Drink Cans 8 x 330ml",
            "productId": "5218050_ea_000",
            "productShopPage": "https://www.newworld.co.nz/shop/product/5218050_ea_000nw",
            "productImageURL": "https://a.fsimg.co.nz/product/retail/fan/image/master/5218050.png",
            "productDescription": "With its clean, crisp, lemon-lime taste, Sprite is a lemonade soft drink which quenches your thirst with a hit of refreshment. Perfect with meals, as a mixer, on the go and relaxing at home. Sprite soft drink has no added colours. Sprite is available in cans, mini cans, single serve and sharing size bottles as well as multipacks.",
            "volume": "330",
            "multipack": {
                "quantity": ""
            }
        },
        "priceData": {
            "bestPrice": "12.99",
            "price": "12.99",
            "pricePerLitre": 4.92,
            "bestPricePerLitre": 4.92
        },
        "store": {
            "id": "4664daab-1897-4e69-9117-067b4afd41bb",
            "name": "New World Onerahi"
        }
    },
    {
        "productData": {
            "name": "Bundaberg Ginger Beer Mini Cans 6 x 200ml",
            "productId": "5258354_ea_000",
            "productShopPage": "https://www.newworld.co.nz/shop/product/5258354_ea_000nw",
            "productImageURL": "https://a.fsimg.co.nz/product/retail/fan/image/master/5258354.png",
            "productDescription": "",
            "volume": "200",
            "multipack": {
                "quantity": ""
            }
        },
        "priceData": {
            "bestPrice": "5.99",
            "price": "5.99",
            "pricePerLitre": 29.95,
            "bestPricePerLitre": 29.95
        },
        "store": {
            "id": "4664daab-1897-4e69-9117-067b4afd41bb",
            "name": "New World Onerahi"
        }
    },
    {
        "productData": {
            "name": "L&P Soft Drink Cans 24pk",
            "productId": "5218276_ea_000",
            "productShopPage": "https://www.newworld.co.nz/shop/product/5218276_ea_000nw",
            "productImageURL": "https://a.fsimg.co.nz/product/retail/fan/image/master/5218276.png",
            "productDescription": "",
            "volume": "",
            "multipack": {
                "quantity": ""
            }
        },
        "priceData": {
            "bestPrice": "26.99",
            "price": "26.99",
            "pricePerLitre": 3.41,
            "bestPricePerLitre": 3.41
        },
        "store": {
            "id": "4664daab-1897-4e69-9117-067b4afd41bb",
            "name": "New World Onerahi"
        }
    },
    {
        "productData": {
            "name": "Bundaberg Diet Ginger Beer 10 x 375ml",
            "productId": "5037545_ea_000",
            "productShopPage": "https://www.newworld.co.nz/shop/product/5037545_ea_000nw",
            "productImageURL": "https://a.fsimg.co.nz/product/retail/fan/image/master/5037545.png",
            "productDescription": "",
            "volume": "375",
            "multipack": {
                "quantity": "10"
            }
        },
        "priceData": {
            "bestPrice": "15.49",
            "price": "15.49",
            "pricePerLitre": 4.13,
            "bestPricePerLitre": 4.13
        },
        "store": {
            "id": "4664daab-1897-4e69-9117-067b4afd41bb",
            "name": "New World Onerahi"
        }
    },
    {
        "productData": {
            "name": "Bundaberg Lemon Lime & Bitters 10 x 375ml",
            "productId": "5037546_ea_000",
            "productShopPage": "https://www.newworld.co.nz/shop/product/5037546_ea_000nw",
            "productImageURL": "https://a.fsimg.co.nz/product/retail/fan/image/master/5037546.png",
            "productDescription": "",
            "volume": "375",
            "multipack": {
                "quantity": "10"
            }
        },
        "priceData": {
            "bestPrice": "15.49",
            "price": "15.49",
            "pricePerLitre": 4.13,
            "bestPricePerLitre": 4.13
        },
        "store": {
            "id": "4664daab-1897-4e69-9117-067b4afd41bb",
            "name": "New World Onerahi"
        }
    },
    {
        "productData": {
            "name": "L&P Soft Drink Cans 8 x 330ml",
            "productId": "5218061_ea_000",
            "productShopPage": "https://www.newworld.co.nz/shop/product/5218061_ea_000nw",
            "productImageURL": "https://a.fsimg.co.nz/product/retail/fan/image/master/5218061.png",
            "productDescription": "",
            "volume": "330",
            "multipack": {
                "quantity": "8"
            }
        },
        "priceData": {
            "bestPrice": "12.99",
            "price": "12.99",
            "pricePerLitre": 4.92,
            "bestPricePerLitre": 4.92
        },
        "store": {
            "id": "4664daab-1897-4e69-9117-067b4afd41bb",
            "name": "New World Onerahi"
        }
    },
    {
        "productData": {
            "name": "Schweppes Classic Soda Water Cans 6 x 250ml",
            "productId": "5032315_ea_000",
            "productShopPage": "https://www.newworld.co.nz/shop/product/5032315_ea_000nw",
            "productImageURL": "https://a.fsimg.co.nz/product/retail/fan/image/master/5032315.png",
            "productDescription": "In 1783, Jacob Schweppe captivated the world by harnessing the effervescence of the world's finest soft drink. Schweppes Classic Soda Water is a crisp, refreshing, sparkling soda water made with the perfect blend of mineral salts and pure natural water. Schweppes Classic Soda Water can be enjoyed on its own with a slice of lemon or as a mixer. Schweppes' range of sophisticated sparkling soft drinks are the perfect choice for enjoying either straight or as a mixer. Schweppes Soda Water is available in single serve and sharing size bottles as well as multipacks.",
            "volume": "250",
            "multipack": {
                "quantity": "6"
            }
        },
        "priceData": {
            "bestPrice": "5.99",
            "price": "5.99",
            "pricePerLitre": 3.99,
            "bestPricePerLitre": 3.99
        },
        "store": {
            "id": "4664daab-1897-4e69-9117-067b4afd41bb",
            "name": "New World Onerahi"
        }
    },
    {
        "productData": {
            "name": "Pepsi Max Mini Soft Drink 10 x 250ml",
            "productId": "5261136_ea_000",
            "productShopPage": "https://www.newworld.co.nz/shop/product/5261136_ea_000nw",
            "productImageURL": "https://a.fsimg.co.nz/product/retail/fan/image/master/5261136.png",
            "productDescription": "Low joule cola.",
            "volume": "250",
            "multipack": {
                "quantity": "10"
            }
        },
        "priceData": {
            "bestPrice": "7.99",
            "price": "7.99",
            "pricePerLitre": 3.196,
            "bestPricePerLitre": 3.196
        },
        "store": {
            "id": "4664daab-1897-4e69-9117-067b4afd41bb",
            "name": "New World Onerahi"
        }
    },
    {
        "productData": {
            "name": "L&P Soft Drink Cans 6 x 250ml",
            "productId": "5021326_ea_000",
            "productShopPage": "https://www.newworld.co.nz/shop/product/5021326_ea_000nw",
            "productImageURL": "https://a.fsimg.co.nz/product/retail/fan/image/master/5021326.png",
            "productDescription": "World Famous in New Zealand.",
            "volume": "250",
            "multipack": {
                "quantity": "6"
            }
        },
        "priceData": {
            "bestPrice": "7.29",
            "price": "7.29",
            "pricePerLitre": 4.86,
            "bestPricePerLitre": 4.86
        },
        "store": {
            "id": "4664daab-1897-4e69-9117-067b4afd41bb",
            "name": "New World Onerahi"
        }
    },
    {
        "productData": {
            "name": "Schweppes Diet Indian Tonic Water Soft Drink Cans 6 x 250ml",
            "productId": "5240146_ea_000",
            "productShopPage": "https://www.newworld.co.nz/shop/product/5240146_ea_000nw",
            "productImageURL": "https://a.fsimg.co.nz/product/retail/fan/image/master/5240146.png",
            "productDescription": "In 1783, Jacob Schweppe captivated the world by harnessing the effervescence of the world's finest soft drink. Schweppes Diet Indian Tonic Water is the classic partner to the perfect gin - providing that crisp, bitter balance, it contains quinine from natural sources and no sugar. Schweppes Diet Tonic Water is available in sharing size bottles and multipack cans.",
            "volume": "250",
            "multipack": {
                "quantity": ""
            }
        },
        "priceData": {
            "bestPrice": "5.99",
            "price": "5.99",
            "pricePerLitre": 3.99,
            "bestPricePerLitre": 3.99
        },
        "store": {
            "id": "4664daab-1897-4e69-9117-067b4afd41bb",
            "name": "New World Onerahi"
        }
    },
    {
        "productData": {
            "name": "Diet Coca-Cola Soft Drink Cans 24pk",
            "productId": "5218272_ea_000",
            "productShopPage": "https://www.newworld.co.nz/shop/product/5218272_ea_000nw",
            "productImageURL": "https://a.fsimg.co.nz/product/retail/fan/image/master/5218272.png",
            "productDescription": "Diet Coke is a deliciously light, sugar free and low kilojoule soft drink. It delivers a distinct, unique and lighter taste to Coca-Cola Classic. With its bubbly sparkle, 'Diet Coke' has been refreshing and delighting drinkers for decades. The perfect sparkling soft drink for enjoying on the go, having with a meal or relaxing with at home. Coca Cola Diet soft drink is available in cans, mini cans, single serve and sharing size bottles as well as multipacks.",
            "volume": "",
            "multipack": {
                "quantity": ""
            }
        },
        "priceData": {
            "bestPrice": "26.99",
            "price": "26.99",
            "pricePerLitre": 3.41,
            "bestPricePerLitre": 3.41
        },
        "store": {
            "id": "4664daab-1897-4e69-9117-067b4afd41bb",
            "name": "New World Onerahi"
        }
    },
    {
        "productData": {
            "name": "Mountain Dew Mini Soft Drink Cans 10 x 250ml",
            "productId": "5261135_ea_000",
            "productShopPage": "https://www.newworld.co.nz/shop/product/5261135_ea_000nw",
            "productImageURL": "https://a.fsimg.co.nz/product/retail/fan/image/master/5261135.png",
            "productDescription": "",
            "volume": "250",
            "multipack": {
                "quantity": "10"
            }
        },
        "priceData": {
            "bestPrice": "7.99",
            "price": "7.99",
            "pricePerLitre": 3.196,
            "bestPricePerLitre": 3.196
        },
        "store": {
            "id": "4664daab-1897-4e69-9117-067b4afd41bb",
            "name": "New World Onerahi"
        }
    },
    {
        "productData": {
            "name": "Coca-Cola Soft Drink Cans 18 x 330ml",
            "productId": "5218066_ea_000",
            "productShopPage": "https://www.newworld.co.nz/shop/product/5218066_ea_000nw",
            "productImageURL": "https://a.fsimg.co.nz/product/retail/fan/image/master/5218066.png",
            "productDescription": "Limit 12 assorted.\n\n\nNothing beats the taste of Coca-Cola Classic. It's the perfect companion whether you’re on the go, relaxing at home, enjoying with friends or as a drink with your meal. Refresh with the authentic Coke taste. Coca Cola soft drink is available in cans, mini cans, single serve and sharing size bottles as well as multipacks.",
            "volume": "330"
        },
        "priceData": {
            "bestPrice": "17.99",
            "price": "17.99",
            "pricePerLitre": 54.51515151515151,
            "bestPricePerLitre": 54.51515151515151
        },
        "store": {
            "id": "4664daab-1897-4e69-9117-067b4afd41bb",
            "name": "New World Onerahi"
        }
    },
    {
        "productData": {
            "name": "Pams Traditional Ginger Beer 6 x 340ml",
            "productId": "5011388_ea_000",
            "productShopPage": "https://www.newworld.co.nz/shop/product/5011388_ea_000nw",
            "productImageURL": "https://a.fsimg.co.nz/product/retail/fan/image/master/5011388.png",
            "productDescription": "Naturally Brewed.",
            "volume": "340",
            "multipack": {
                "quantity": "6"
            }
        },
        "priceData": {
            "bestPrice": "4.99",
            "price": "4.99",
            "pricePerLitre": 2.4,
            "bestPricePerLitre": 2.4
        },
        "store": {
            "id": "4664daab-1897-4e69-9117-067b4afd41bb",
            "name": "New World Onerahi"
        }
    },
    {
        "productData": {
            "name": "Lift Diet Sparkling Lemon Fruit Drink 1.5l",
            "productId": "5011577_ea_000",
            "productShopPage": "https://www.newworld.co.nz/shop/product/5011577_ea_000nw",
            "productImageURL": "https://a.fsimg.co.nz/product/retail/fan/image/master/5011577.png",
            "productDescription": "Buy 2 for $5.00. Limit 12 assorted.\n\n\nLift is positively uplifting - the clean and crisp lemon taste that refreshes and gets you feeling good again. It has a refreshing, zesty lemon taste, made with 5% lemon juice. Lift soft drink is available in cans, single serve and sharing size bottles as well as multipacks.",
            "volume": "",
            "multipack": {
                "quantity": ""
            }
        },
        "priceData": {
            "bestPrice": 2.5,
            "price": "3.00",
            "multiBuy": {
                "quantity": 2.0,
                "value": 5.0,
                "perUnit": 2.5
            }
        },
        "store": {
            "id": "4664daab-1897-4e69-9117-067b4afd41bb",
            "name": "New World Onerahi"
        }
    },
    {
        "productData": {
            "name": "Diet Coca-Cola Soft Drink Cans 8 x 330ml",
            "productId": "5218044_ea_000",
            "productShopPage": "https://www.newworld.co.nz/shop/product/5218044_ea_000nw",
            "productImageURL": "https://a.fsimg.co.nz/product/retail/fan/image/master/5218044.png",
            "productDescription": "Diet Coke is a deliciously light, sugar free and low kilojoule soft drink. It delivers a distinct, unique and lighter taste to Coca-Cola Classic. With its bubbly sparkle, 'Diet Coke' has been refreshing and delighting drinkers for decades. The perfect sparkling soft drink for enjoying on the go, having with a meal or relaxing with at home. Coca Cola Diet soft drink is available in cans, mini cans, single serve and sharing size bottles as well as multipacks.",
            "volume": "330",
            "multipack": {
                "quantity": ""
            }
        },
        "priceData": {
            "bestPrice": "12.99",
            "price": "12.99",
            "pricePerLitre": 4.92,
            "bestPricePerLitre": 4.92
        },
        "store": {
            "id": "4664daab-1897-4e69-9117-067b4afd41bb",
            "name": "New World Onerahi"
        }
    },
    {
        "productData": {
            "name": "Sprite No Sugar Lemon-Lime Soft Drink 18 x 330ml",
            "productId": "5218080_ea_000",
            "productShopPage": "https://www.newworld.co.nz/shop/product/5218080_ea_000nw",
            "productImageURL": "https://a.fsimg.co.nz/product/retail/fan/image/master/5218080.png",
            "productDescription": "Limit 12 assorted.\n\n\nWith its clean, crisp, lemon-lime taste, Sprite No Sugar is a lemonade soft drink with no sugar and no added colours. Perfect with meals, as a mixer, on the go and relaxing at home. Sprite No Sugar Lemonade is available in cans, mini cans, single serve and sharing size bottles as well as multipacks.",
            "volume": "330"
        },
        "priceData": {
            "bestPrice": "17.99",
            "price": "17.99",
            "pricePerLitre": 54.51515151515151,
            "bestPricePerLitre": 54.51515151515151
        },
        "store": {
            "id": "4664daab-1897-4e69-9117-067b4afd41bb",
            "name": "New World Onerahi"
        }
    },
    {
        "productData": {
            "name": "Bundaberg Tropical Mango Sparkling Drink 4 x 375ml",
            "productId": "5216459_ea_000",
            "productShopPage": "https://www.newworld.co.nz/shop/product/5216459_ea_000nw",
            "productImageURL": "https://a.fsimg.co.nz/product/retail/fan/image/master/5216459.png",
            "productDescription": "",
            "volume": "375",
            "multipack": {
                "quantity": ""
            }
        },
        "priceData": {
            "bestPrice": "6.69",
            "price": "6.69",
            "pricePerLitre": 4.46,
            "bestPricePerLitre": 4.46
        },
        "store": {
            "id": "4664daab-1897-4e69-9117-067b4afd41bb",
            "name": "New World Onerahi"
        }
    },
    {
        "productData": {
            "name": "Bundaberg Diet Lemon Lime & Bitters 4 x 375ml",
            "productId": "5037119_ea_000",
            "productShopPage": "https://www.newworld.co.nz/shop/product/5037119_ea_000nw",
            "productImageURL": "https://a.fsimg.co.nz/product/retail/fan/image/master/5037119.png",
            "productDescription": "",
            "volume": "375",
            "multipack": {
                "quantity": ""
            }
        },
        "priceData": {
            "bestPrice": "6.69",
            "price": "6.69",
            "pricePerLitre": 4.46,
            "bestPricePerLitre": 4.46
        },
        "store": {
            "id": "4664daab-1897-4e69-9117-067b4afd41bb",
            "name": "New World Onerahi"
        }
    },
    {
        "productData": {
            "name": "Bundaberg Lemon Lime & Bitters Mini Cans 6 x 200ml",
            "productId": "5289811_ea_000",
            "productShopPage": "https://www.newworld.co.nz/shop/product/5289811_ea_000nw",
            "productImageURL": "https://a.fsimg.co.nz/product/retail/fan/image/master/5289811.png",
            "productDescription": "",
            "volume": "200",
            "multipack": {
                "quantity": ""
            }
        },
        "priceData": {
            "bestPrice": "5.99",
            "price": "5.99"
        },
        "store": {
            "id": "4664daab-1897-4e69-9117-067b4afd41bb",
            "name": "New World Onerahi"
        }
    },
    {
        "productData": {
            "name": "Diet Coca-Cola Soft Drink 600ml",
            "productId": "5001560_ea_000",
            "productShopPage": "https://www.newworld.co.nz/shop/product/5001560_ea_000nw",
            "productImageURL": "https://a.fsimg.co.nz/product/retail/fan/image/master/5001560.png",
            "productDescription": "Diet Coke is a deliciously light, sugar free and low kilojoule soft drink. It delivers a distinct, unique and lighter taste to Coca-Cola Classic. With its bubbly sparkle, 'Diet Coke' has been refreshing and delighting drinkers for decades. The perfect sparkling soft drink for enjoying on the go, having with a meal or relaxing with at home. Coca Cola Diet soft drink is available in cans, mini cans, single serve and sharing size bottles as well as multipacks.",
            "volume": "600",
            "multipack": {
                "quantity": ""
            }
        },
        "priceData": {
            "bestPrice": "3.99",
            "price": "3.99",
            "pricePerLitre": 6.65,
            "bestPricePerLitre": 6.65
        },
        "store": {
            "id": "4664daab-1897-4e69-9117-067b4afd41bb",
            "name": "New World Onerahi"
        }
    },
    {
        "productData": {
            "name": "Fever-Tree Premium Indian Tonic Water 500ml",
            "productId": "5090969_ea_000",
            "productShopPage": "https://www.newworld.co.nz/shop/product/5090969_ea_000nw",
            "productImageURL": "https://a.fsimg.co.nz/product/retail/fan/image/master/5090969.png",
            "productDescription": "",
            "volume": "500",
            "multipack": {
                "quantity": "3"
            }
        },
        "priceData": {
            "bestPrice": "5.79",
            "price": "5.79",
            "pricePerLitre": 11.58,
            "bestPricePerLitre": 11.58
        },
        "store": {
            "id": "4664daab-1897-4e69-9117-067b4afd41bb",
            "name": "New World Onerahi"
        }
    },
    {
        "productData": {
            "name": "Fever-Tree Premium Indian Tonic Bottles 4 x 200ml",
            "productId": "5044712_ea_000",
            "productShopPage": "https://www.newworld.co.nz/shop/product/5044712_ea_000nw",
            "productImageURL": "https://a.fsimg.co.nz/product/retail/fan/image/master/5044712.png",
            "productDescription": "Made with Natural Quinine. No Artificial Sweeteners, Flavourings or Preservatives.",
            "volume": "200",
            "multipack": {
                "quantity": "4"
            }
        },
        "priceData": {
            "bestPrice": "9.99",
            "price": "9.99",
            "pricePerLitre": 12.49,
            "bestPricePerLitre": 12.49
        },
        "store": {
            "id": "4664daab-1897-4e69-9117-067b4afd41bb",
            "name": "New World Onerahi"
        }
    },
    {
        "productData": {
            "name": "Diet Coca-Cola Soft Drink Cans 6 x 330ml",
            "productId": "5022694_ea_000",
            "productShopPage": "https://www.newworld.co.nz/shop/product/5022694_ea_000nw",
            "productImageURL": "https://a.fsimg.co.nz/product/retail/fan/image/master/5022694.png",
            "productDescription": "Diet Coke is a deliciously light, sugar free and low kilojoule soft drink. It delivers a distinct, unique and lighter taste to Coca-Cola Classic. With its bubbly sparkle, 'Diet Coke' has been refreshing and delighting drinkers for decades. The perfect sparkling soft drink for enjoying on the go, having with a meal or relaxing with at home. Coca Cola Diet soft drink is available in cans, mini cans, single serve and sharing size bottles as well as multipacks.",
            "volume": "330",
            "multipack": {
                "quantity": ""
            }
        },
        "priceData": {
            "bestPrice": "7.29",
            "price": "7.29",
            "pricePerLitre": 4.86,
            "bestPricePerLitre": 4.86
        },
        "store": {
            "id": "4664daab-1897-4e69-9117-067b4afd41bb",
            "name": "New World Onerahi"
        }
    },
    {
        "productData": {
            "name": "Fever-Tree Mediterranean Tonic Water 500ml",
            "productId": "5245560_ea_000",
            "productShopPage": "https://www.newworld.co.nz/shop/product/5245560_ea_000nw",
            "productImageURL": "https://a.fsimg.co.nz/product/retail/fan/image/master/5245560.png",
            "productDescription": "",
            "volume": "500",
            "multipack": {
                "quantity": "3"
            }
        },
        "priceData": {
            "bestPrice": "5.79",
            "price": "5.79",
            "pricePerLitre": 11.58,
            "bestPricePerLitre": 11.58
        },
        "store": {
            "id": "4664daab-1897-4e69-9117-067b4afd41bb",
            "name": "New World Onerahi"
        }
    },
    {
        "productData": {
            "name": "Fever-Tree Naturally Light Tonic Water 500ml",
            "productId": "5232339_ea_000",
            "productShopPage": "https://www.newworld.co.nz/shop/product/5232339_ea_000nw",
            "productImageURL": "https://a.fsimg.co.nz/product/retail/fan/image/master/5232339.png",
            "productDescription": "",
            "volume": "500",
            "multipack": {
                "quantity": "3"
            }
        },
        "priceData": {
            "bestPrice": "5.79",
            "price": "5.79",
            "pricePerLitre": 11.58,
            "bestPricePerLitre": 11.58
        },
        "store": {
            "id": "4664daab-1897-4e69-9117-067b4afd41bb",
            "name": "New World Onerahi"
        }
    },
    {
        "productData": {
            "name": "Sprite Lemon-Lime Soft Drink 18 x 330ml",
            "productId": "5218078_ea_000",
            "productShopPage": "https://www.newworld.co.nz/shop/product/5218078_ea_000nw",
            "productImageURL": "https://a.fsimg.co.nz/product/retail/fan/image/master/5218078.png",
            "productDescription": "Limit 12 assorted.\n\n\nWith its clean, crisp, lemon-lime taste, Sprite is a lemonade soft drink which quenches your thirst with a hit of refreshment. Perfect with meals, as a mixer, on the go and relaxing at home. Sprite soft drink has no added colours. Sprite is available in cans, mini cans, single serve and sharing size bottles as well as multipacks.",
            "volume": "330"
        },
        "priceData": {
            "bestPrice": "17.99",
            "price": "17.99",
            "pricePerLitre": 54.51515151515151,
            "bestPricePerLitre": 54.51515151515151
        },
        "store": {
            "id": "4664daab-1897-4e69-9117-067b4afd41bb",
            "name": "New World Onerahi"
        }
    },
    {
        "productData": {
            "name": "Fever-Tree Mediterranean Tonic Water Bottles 4 x 200ml",
            "productId": "5223446_ea_000",
            "productShopPage": "https://www.newworld.co.nz/shop/product/5223446_ea_000nw",
            "productImageURL": "https://a.fsimg.co.nz/product/retail/fan/image/master/5223446.png",
            "productDescription": "No artificial sweeteners, flavourings or preservatives",
            "volume": "200",
            "multipack": {
                "quantity": "4"
            }
        },
        "priceData": {
            "bestPrice": "9.99",
            "price": "9.99",
            "pricePerLitre": 12.49,
            "bestPricePerLitre": 12.49
        },
        "store": {
            "id": "4664daab-1897-4e69-9117-067b4afd41bb",
            "name": "New World Onerahi"
        }
    },
    {
        "productData": {
            "name": "Fever-Tree Naturally Light Tonic Water 4 x 200ml",
            "productId": "5091933_ea_000",
            "productShopPage": "https://www.newworld.co.nz/shop/product/5091933_ea_000nw",
            "productImageURL": "https://a.fsimg.co.nz/product/retail/fan/image/master/5091933.png",
            "productDescription": "No artificial sweeteners; Low in calories",
            "volume": "200",
            "multipack": {
                "quantity": "4"
            }
        },
        "priceData": {
            "bestPrice": "9.99",
            "price": "9.99",
            "pricePerLitre": 12.49,
            "bestPricePerLitre": 12.49
        },
        "store": {
            "id": "4664daab-1897-4e69-9117-067b4afd41bb",
            "name": "New World Onerahi"
        }
    }
]