[
    {
        "productData": {
            "name": "FILEMETA",
            "productId": "FILEMETA",
            "productShopPage": "",
            "productImageURL": "",
            "productDescription": "THIS IS NOT A REAL PRODUCT, THIS IS METADATA OF THIS FILE"
        },
        "priceData": {
            "bestPrice": "0.00",
            "price": "0.00",
            "pricePerLitre": 0,
            "bestPricePerLitre": 0
        },
        "timestamp": "2022-08-15T12:45:24.349723",
        "siteconfig": {
            "siteMeta": {
                "name": "Super Value",
                "mainURL": "supervalue.co.nz",
                "productPrefix": ""
            },
            "regex": {
                "pricePerLitre": "\\(\\$(\\d{1,}.\\d{1,}) (?:per ){0,}100(ml|ML|mL)\\)"
            },
            "endpoints": {
                "storeList": "https://store.supervalue.co.nz/multipage"
            }
        }
    },
    {
        "productData": {
            "name": "V Refresh Energy Drink Citrus Lemonade 500ml Can 500ml",
            "productId": "v-refresh-energy-drink-citrus-lemonade-500ml-can-500ml",
            "productShopPage": "https://bellblock.store.supervalue.co.nz/lines/v-refresh-energy-drink-citrus-lemonade-500ml-can-500ml",
            "productImageURL": "https://dtgxwmigmg3gc.cloudfront.net/imagery/assets/derivations/icon/512/512/true/eyJpZCI6IjVlN2QyZDg4OTlkNWVhZDc1OTM3YzEwZDgwOTg1NjJmIiwic3RvcmFnZSI6InB1YmxpY19zdG9yZSJ9?signature=35586a0457373f804173605ba7f35fb0b256a119e67175911e869a6f42785c11",
            "productDescription": "",
            "volume": "500ml"
        },
        "priceData": {
            "bestPrice": "3.30",
            "price": "3.30",
            "pricePerLitre": 6.6,
            "bestPricePerLitre": 6.6
        },
        "store": {
            "id": "5e79272860b75a65720662ba",
            "name": "Bell Block"
        }
    },
    {
        "productData": {
            "name": "V Refresh Energy Drink Pineapple Watermelon 500ml Can 500ml",
            "productId": "v-refresh-energy-drink-pineapple-watermelon-500ml-can-500ml",
            "productShopPage": "https://bellblock.store.supervalue.co.nz/lines/v-refresh-energy-drink-pineapple-watermelon-500ml-can-500ml",
            "productImageURL": "https://dtgxwmigmg3gc.cloudfront.net/imagery/assets/derivations/icon/512/512/true/eyJpZCI6IjgzMTBmY2EwMzFkODkxOTAxNDFmYWNhMjZhZmFlZTI0Iiwic3RvcmFnZSI6InB1YmxpY19zdG9yZSJ9?signature=2062a73b018e86e0e6858a08c9fea597971ea894ef5eee6cfb310bcaa3201c6f",
            "productDescription": "",
            "volume": "500ml"
        },
        "priceData": {
            "bestPrice": "3.30",
            "price": "3.30",
            "pricePerLitre": 6.6,
            "bestPricePerLitre": 6.6
        },
        "store": {
            "id": "5e79272860b75a65720662ba",
            "name": "Bell Block"
        }
    },
    {
        "productData": {
            "name": "Monster Energy Drink Ultra Gold 500ml",
            "productId": "monster-energy-drink-ultra-gold-500ml",
            "productShopPage": "https://bellblock.store.supervalue.co.nz/lines/monster-energy-drink-ultra-gold-500ml",
            "productImageURL": "https://dtgxwmigmg3gc.cloudfront.net/imagery/assets/derivations/icon/512/512/true/eyJpZCI6ImM3MmEwNWIyMjE0YTAzMjcyNzFhYjMyZTI4Zjk4MGFhIiwic3RvcmFnZSI6InB1YmxpY19zdG9yZSJ9?signature=b4f295a92992569de94ae4176268ca4a850af7b8377f28e19d8ddb65e0e09cc2",
            "productDescription": "",
            "volume": "500ml"
        },
        "priceData": {
            "bestPrice": "3.00",
            "price": "3.00",
            "pricePerLitre": 6.0,
            "bestPricePerLitre": 6.0
        },
        "store": {
            "id": "5e79272860b75a65720662ba",
            "name": "Bell Block"
        }
    },
    {
        "productData": {
            "name": "Mother Kicked Apple 500ml",
            "productId": "mother-kicked-apple-500ml",
            "productShopPage": "https://bellblock.store.supervalue.co.nz/lines/mother-kicked-apple-500ml",
            "productImageURL": "https://dtgxwmigmg3gc.cloudfront.net/imagery/assets/derivations/icon/512/512/true/eyJpZCI6IjNhZTlkYjkwYTM4MDFjMGEwYjUwYThhMDAwYjkyZjM0Iiwic3RvcmFnZSI6InB1YmxpY19zdG9yZSJ9?signature=c1a1db0a5d7b074c388cf08560fd44a4a2b6127821554198e54eeea8474325f6",
            "productDescription": "",
            "volume": "500ml"
        },
        "priceData": {
            "bestPrice": "3.20",
            "price": "3.20",
            "pricePerLitre": 6.4,
            "bestPricePerLitre": 6.4
        },
        "store": {
            "id": "5e79272860b75a65720662ba",
            "name": "Bell Block"
        }
    },
    {
        "productData": {
            "name": "Monster Energy Drink Ultra Paradise 500ml",
            "productId": "monster-energy-drink-ultra-paradise-500ml",
            "productShopPage": "https://bellblock.store.supervalue.co.nz/lines/monster-energy-drink-ultra-paradise-500ml",
            "productImageURL": "https://dtgxwmigmg3gc.cloudfront.net/imagery/assets/derivations/icon/512/512/true/eyJpZCI6IjU3ZTFkM2FiYTM1NTE5MjBjNGY3YWQ1MDlmN2JiM2FiIiwic3RvcmFnZSI6InB1YmxpY19zdG9yZSJ9?signature=f112dbd2da966f41ee31deb58894dec2d4e327e223dcd676069650d679f43cb5",
            "productDescription": "",
            "volume": "500ml"
        },
        "priceData": {
            "bestPrice": "3.60",
            "price": "3.60",
            "pricePerLitre": 7.2,
            "bestPricePerLitre": 7.2
        },
        "store": {
            "id": "5e79272860b75a65720662ba",
            "name": "Bell Block"
        }
    },
    {
        "productData": {
            "name": "Monster Energy Ultra Zero 500ml Can 500ml",
            "productId": "monster-energy-ultra-zero-500ml",
            "productShopPage": "https://bellblock.store.supervalue.co.nz/lines/monster-energy-ultra-zero-500ml",
            "productImageURL": "https://dtgxwmigmg3gc.cloudfront.net/imagery/assets/derivations/icon/512/512/true/eyJpZCI6IjE2ZDZhZmVkN2M0YjVjMzRmMjExNGJhNWQyMzhlOTQ4Iiwic3RvcmFnZSI6InB1YmxpY19zdG9yZSJ9?signature=10ef7ab522a8389710a24973bac3bd88af990f17b5da987fda62632f41e72ced",
            "productDescription": "",
            "volume": "500ml"
        },
        "priceData": {
            "bestPrice": "3.60",
            "price": "3.60",
            "pricePerLitre": 7.2,
            "bestPricePerLitre": 7.2
        },
        "store": {
            "id": "5e79272860b75a65720662ba",
            "name": "Bell Block"
        }
    },
    {
        "productData": {
            "name": "Monster Energy Green 500ml",
            "productId": "monster-energy-green-500ml",
            "productShopPage": "https://bellblock.store.supervalue.co.nz/lines/monster-energy-green-500ml",
            "productImageURL": "https://dtgxwmigmg3gc.cloudfront.net/imagery/assets/derivations/icon/512/512/true/eyJpZCI6IjA2ZTdhN2Y1NWUxNjJiNDVhZTUzZWI2OTc4YThlMTYzIiwic3RvcmFnZSI6InB1YmxpY19zdG9yZSJ9?signature=8257328849276057c7b77a9c76691580f7fdb61d49af913328da323dc4d13f0e",
            "productDescription": "",
            "volume": "500ml"
        },
        "priceData": {
            "bestPrice": "3.60",
            "price": "3.60",
            "pricePerLitre": 7.2,
            "bestPricePerLitre": 7.2
        },
        "store": {
            "id": "5e79272860b75a65720662ba",
            "name": "Bell Block"
        }
    },
    {
        "productData": {
            "name": "Monster Energy Drink Ultra Rosa 500ml",
            "productId": "monster-energy-drink-ultra-rosa-500ml",
            "productShopPage": "https://bellblock.store.supervalue.co.nz/lines/monster-energy-drink-ultra-rosa-500ml",
            "productImageURL": "https://dtgxwmigmg3gc.cloudfront.net/imagery/assets/derivations/icon/512/512/true/eyJpZCI6IjBmZDhiOGI4MDk3NDYzMDI0ZGQ4OTdhYTk2ZmVmMmRiIiwic3RvcmFnZSI6InB1YmxpY19zdG9yZSJ9?signature=b524829083fd581b245f26f999cd130415f1b63b346277cf6a7a0faece216093",
            "productDescription": "",
            "volume": "500ml"
        },
        "priceData": {
            "bestPrice": "3.60",
            "price": "3.60",
            "pricePerLitre": 7.2,
            "bestPricePerLitre": 7.2
        },
        "store": {
            "id": "5e79272860b75a65720662ba",
            "name": "Bell Block"
        }
    },
    {
        "productData": {
            "name": "Mother Energy Drink Berry 500ml",
            "productId": "mother-energy-drink-berry-500ml",
            "productShopPage": "https://bellblock.store.supervalue.co.nz/lines/mother-energy-drink-berry-500ml",
            "productImageURL": "https://dtgxwmigmg3gc.cloudfront.net/imagery/assets/derivations/icon/512/512/true/eyJpZCI6ImRhYTJlNjUzNzRjZjViNjI0ZDljNzUzNDA3YmE0ZDFkIiwic3RvcmFnZSI6InB1YmxpY19zdG9yZSJ9?signature=d9ffb465d71d599811c2ff7a788845bfe297eb3624ad7866a89cf0b3ece073f0",
            "productDescription": "",
            "volume": "500ml"
        },
        "priceData": {
            "bestPrice": "3.20",
            "price": "3.20",
            "pricePerLitre": 6.4,
            "bestPricePerLitre": 6.4
        },
        "store": {
            "id": "5e79272860b75a65720662ba",
            "name": "Bell Block"
        }
    },
    {
        "productData": {
            "name": "Mother Energy Drink Black 500ml",
            "productId": "mother-energy-drink-black-500ml",
            "productShopPage": "https://bellblock.store.supervalue.co.nz/lines/mother-energy-drink-black-500ml",
            "productImageURL": "https://dtgxwmigmg3gc.cloudfront.net/imagery/assets/derivations/icon/512/512/true/eyJpZCI6ImYyMzA5MjhkYjg3ODFhYmYzZDU3ZjE1YjNmYzU2MWFjIiwic3RvcmFnZSI6InB1YmxpY19zdG9yZSJ9?signature=d3dbddb83d3d457075cd5d8936bef0c5b48fce4fa3fe725995d8b6d57219ceb5",
            "productDescription": "",
            "volume": "500ml"
        },
        "priceData": {
            "bestPrice": "3.20",
            "price": "3.20",
            "pricePerLitre": 6.4,
            "bestPricePerLitre": 6.4
        },
        "store": {
            "id": "5e79272860b75a65720662ba",
            "name": "Bell Block"
        }
    },
    {
        "productData": {
            "name": "Mother Energy Drink Passion 500ml",
            "productId": "mother-energy-drink-passion-500ml",
            "productShopPage": "https://bellblock.store.supervalue.co.nz/lines/mother-energy-drink-passion-500ml",
            "productImageURL": "https://dtgxwmigmg3gc.cloudfront.net/imagery/assets/derivations/icon/512/512/true/eyJpZCI6ImFkZDQ3ZmI4MGJjMmU2ZTgxNDcxNDRhYWFmOWZkYzViIiwic3RvcmFnZSI6InB1YmxpY19zdG9yZSJ9?signature=c8aea44ce6ff965b9e87fcb9f60849b0328e9b8983b9d5547e51c910f8f5368b",
            "productDescription": "",
            "volume": "500ml"
        },
        "priceData": {
            "bestPrice": "3.20",
            "price": "3.20",
            "pricePerLitre": 6.4,
            "bestPricePerLitre": 6.4
        },
        "store": {
            "id": "5e79272860b75a65720662ba",
            "name": "Bell Block"
        }
    },
    {
        "productData": {
            "name": "Mother Epic Swell Energy Drink Twisted Apple 500ml",
            "productId": "mother-epic-swell-energy-drink-twisted-apple-500ml",
            "productShopPage": "https://bellblock.store.supervalue.co.nz/lines/mother-epic-swell-energy-drink-twisted-apple-500ml",
            "productImageURL": "https://dtgxwmigmg3gc.cloudfront.net/imagery/assets/derivations/icon/512/512/true/eyJpZCI6IjE3NGY3OWU3NDkwYTQ5MGE4NGFkNjYzZjVlODdjNzlmIiwic3RvcmFnZSI6InB1YmxpY19zdG9yZSJ9?signature=8b8c94eb83ff8e282e2c9309d499d02862cc0d052bea74cb186828b6e121cc4e",
            "productDescription": "",
            "volume": "500ml"
        },
        "priceData": {
            "bestPrice": "3.20",
            "price": "3.20",
            "pricePerLitre": 6.4,
            "bestPricePerLitre": 6.4
        },
        "store": {
            "id": "5e79272860b75a65720662ba",
            "name": "Bell Block"
        }
    },
    {
        "productData": {
            "name": "Monster Energy Juice Mango Loco 500ml",
            "productId": "monster-energy-juice-mango-loco-500ml-can",
            "productShopPage": "https://bellblock.store.supervalue.co.nz/lines/monster-energy-juice-mango-loco-500ml-can",
            "productImageURL": "https://dtgxwmigmg3gc.cloudfront.net/imagery/assets/derivations/icon/512/512/true/eyJpZCI6ImFiNTMzOTMyOWEwYWQ0NzdjMjJjNjlkMzQxZTNhOGQxIiwic3RvcmFnZSI6InB1YmxpY19zdG9yZSJ9?signature=68e99f74abe4c896ded0dd7313a3b51988c1e1a783fd4322eb0d59affb53ec54",
            "productDescription": "",
            "volume": "500ml"
        },
        "priceData": {
            "bestPrice": "3.60",
            "price": "3.60",
            "pricePerLitre": 7.2,
            "bestPricePerLitre": 7.2
        },
        "store": {
            "id": "5e79272860b75a65720662ba",
            "name": "Bell Block"
        }
    },
    {
        "productData": {
            "name": "V Energy Drink Guarana 500ml",
            "productId": "v-energy-drink-guarana-500ml",
            "productShopPage": "https://bellblock.store.supervalue.co.nz/lines/v-energy-drink-guarana-500ml",
            "productImageURL": "https://dtgxwmigmg3gc.cloudfront.net/imagery/assets/derivations/icon/512/512/true/eyJpZCI6IjgzZDAxMjhiMzg4NmEwZmE4YTE2ZjY2NWIzNmM2NzI2Iiwic3RvcmFnZSI6InB1YmxpY19zdG9yZSJ9?signature=f55ecc561066291a4e74a967db35ea2355f881bd1708bf400fd790032384ae4f",
            "productDescription": "",
            "volume": "500ml"
        },
        "priceData": {
            "bestPrice": "2.70",
            "price": "2.70",
            "pricePerLitre": 5.4,
            "bestPricePerLitre": 5.4
        },
        "store": {
            "id": "5e79272860b75a65720662ba",
            "name": "Bell Block"
        }
    },
    {
        "productData": {
            "name": "V Energy Drink Sugarfree 500ml",
            "productId": "v-energy-drink-sugarfree-500ml",
            "productShopPage": "https://bellblock.store.supervalue.co.nz/lines/v-energy-drink-sugarfree-500ml",
            "productImageURL": "https://dtgxwmigmg3gc.cloudfront.net/imagery/assets/derivations/icon/512/512/true/eyJpZCI6ImVkZTAxNTNmMDI1NmU1NDZjNWQ5MTc3MjE3ZTQ3YTQ0Iiwic3RvcmFnZSI6InB1YmxpY19zdG9yZSJ9?signature=abcf72d9faa9ee3044eaa3b7ee0bf9b4fd8f582379018d8727f2234b7d3f3c85",
            "productDescription": "",
            "volume": "500ml"
        },
        "priceData": {
            "bestPrice": "2.70",
            "price": "2.70",
            "pricePerLitre": 5.4,
            "bestPricePerLitre": 5.4
        },
        "store": {
            "id": "5e79272860b75a65720662ba",
            "name": "Bell Block"
        }
    },
    {
        "productData": {
            "name": "V Energy Drink Sugar Free Guarana 250ml",
            "productId": "v-energy-drink-sugar-free-guarana-250ml",
            "productShopPage": "https://bellblock.store.supervalue.co.nz/lines/v-energy-drink-sugar-free-guarana-250ml",
            "productImageURL": "https://dtgxwmigmg3gc.cloudfront.net/imagery/assets/derivations/icon/512/512/true/eyJpZCI6ImZiNzM1NmU4NTMyZDllODlkZTljZmNlOGY2MzQ5NGQwIiwic3RvcmFnZSI6InB1YmxpY19zdG9yZSJ9?signature=72b0ce0a48ca796717c115fe5e8b4564501470f63bf80ae865d26e9d131a2b8c",
            "productDescription": "",
            "volume": "250ml"
        },
        "priceData": {
            "bestPrice": "2.40",
            "price": "2.40",
            "pricePerLitre": 9.6,
            "bestPricePerLitre": 9.6
        },
        "store": {
            "id": "5e79272860b75a65720662ba",
            "name": "Bell Block"
        }
    },
    {
        "productData": {
            "name": "V Energy Drink Blue Guarana Spritzed 350ml",
            "productId": "v-blue-energy-drink-blue-guarana-spritzed-350ml",
            "productShopPage": "https://bellblock.store.supervalue.co.nz/lines/v-blue-energy-drink-blue-guarana-spritzed-350ml",
            "productImageURL": "https://dtgxwmigmg3gc.cloudfront.net/imagery/assets/derivations/icon/512/512/true/eyJpZCI6ImY2OTRlZGI4NjdlNWMzZDM5NzgzMDQ0ODFkMzUxZGZiIiwic3RvcmFnZSI6InB1YmxpY19zdG9yZSJ9?signature=591b3079cb9c2407a29b3bc348eaf42dc1d34daba5c9d7aba65be654725b6719",
            "productDescription": "",
            "volume": "350ml"
        },
        "priceData": {
            "bestPrice": "4.00",
            "price": "4.00",
            "pricePerLitre": 11.428571428571429,
            "bestPricePerLitre": 11.428571428571429
        },
        "store": {
            "id": "5e79272860b75a65720662ba",
            "name": "Bell Block"
        }
    },
    {
        "productData": {
            "name": "V Energy Drink Green Guarana 350ml",
            "productId": "v-energy-drink-green-guarana-350ml",
            "productShopPage": "https://bellblock.store.supervalue.co.nz/lines/v-energy-drink-green-guarana-350ml",
            "productImageURL": "https://dtgxwmigmg3gc.cloudfront.net/imagery/assets/derivations/icon/512/512/true/eyJpZCI6IjRiNjY4ZjYxOTQ2ODYyN2MzM2NiZWMyNGUyNmIyODk4Iiwic3RvcmFnZSI6InB1YmxpY19zdG9yZSJ9?signature=4cded9cb42349eef45a593461f311b1bb7fa881295733879671ad9fe9887d30c",
            "productDescription": "",
            "volume": "350ml"
        },
        "priceData": {
            "bestPrice": "4.00",
            "price": "4.00",
            "pricePerLitre": 11.428571428571429,
            "bestPricePerLitre": 11.428571428571429
        },
        "store": {
            "id": "5e79272860b75a65720662ba",
            "name": "Bell Block"
        }
    },
    {
        "productData": {
            "name": "V Energy Drink Guarana Can 250ml",
            "productId": "v-energy-drink-guarana-can-250ml",
            "productShopPage": "https://bellblock.store.supervalue.co.nz/lines/v-energy-drink-guarana-can-250ml",
            "productImageURL": "https://dtgxwmigmg3gc.cloudfront.net/imagery/assets/derivations/icon/512/512/true/eyJpZCI6Ijc3Nzk1NjE2ZDhhNmFiMThhYzEzODYzOTg2ZmNkNzgwIiwic3RvcmFnZSI6InB1YmxpY19zdG9yZSJ9?signature=f5de1854d43e19cc62bff86893d4a55615cd916f8425a4dccd170b52eba81255",
            "productDescription": "",
            "volume": "250ml"
        },
        "priceData": {
            "bestPrice": "2.40",
            "price": "2.40",
            "pricePerLitre": 9.6,
            "bestPricePerLitre": 9.6
        },
        "store": {
            "id": "5e79272860b75a65720662ba",
            "name": "Bell Block"
        }
    },
    {
        "productData": {
            "name": "V Energy Drink Guarana Can 500ml",
            "productId": "v-energy-drink-guarana-can-500ml",
            "productShopPage": "https://bellblock.store.supervalue.co.nz/lines/v-energy-drink-guarana-can-500ml",
            "productImageURL": "https://dtgxwmigmg3gc.cloudfront.net/imagery/assets/derivations/icon/512/512/true/eyJpZCI6ImI0NjgzNGZjNDRkMjU0MjgzYzJjZGNhMzA2NWIxYjA5Iiwic3RvcmFnZSI6InB1YmxpY19zdG9yZSJ9?signature=265e8273409849423466e7623cbbdf8352940707b8830803eec391e8f32c9c5f",
            "productDescription": "",
            "volume": "500ml"
        },
        "priceData": {
            "bestPrice": "4.00",
            "price": "4.00",
            "pricePerLitre": 8.0,
            "bestPricePerLitre": 8.0
        },
        "store": {
            "id": "5e79272860b75a65720662ba",
            "name": "Bell Block"
        }
    },
    {
        "productData": {
            "name": "V Energy Drink Raspberry Lemonade 250ml Can",
            "productId": "v-energy-drink-raspberry-lemonade-250ml-can",
            "productShopPage": "https://bellblock.store.supervalue.co.nz/lines/v-energy-drink-raspberry-lemonade-250ml-can",
            "productImageURL": "https://dtgxwmigmg3gc.cloudfront.net/imagery/assets/derivations/icon/512/512/true/eyJpZCI6ImM4NzYzZjhjNGVlNjMxZWNmN2MwZTY0ODRlMTY0MjQ2Iiwic3RvcmFnZSI6InB1YmxpY19zdG9yZSJ9?signature=b5dcf36b1b2e8756f465999fec26ef23b45ad1ffe6bbcb7758bed3d3bfad7f7a",
            "productDescription": "",
            "volume": "250ml"
        },
        "priceData": {
            "bestPrice": "2.50",
            "price": "2.50",
            "pricePerLitre": 10.0,
            "bestPricePerLitre": 10.0
        },
        "store": {
            "id": "5e79272860b75a65720662ba",
            "name": "Bell Block"
        }
    },
    {
        "productData": {
            "name": "V Energy Drink Raspberry Lemonade 350ml",
            "productId": "v-energy-drink-raspberry-lemonade-350ml",
            "productShopPage": "https://bellblock.store.supervalue.co.nz/lines/v-energy-drink-raspberry-lemonade-350ml",
            "productImageURL": "https://dtgxwmigmg3gc.cloudfront.net/imagery/assets/derivations/icon/512/512/true/eyJpZCI6IjliNWMwMGJkN2IxYWRhY2UxNzU5NzY1ZTI4MjUzZDgyIiwic3RvcmFnZSI6InB1YmxpY19zdG9yZSJ9?signature=1813e587f3636e394a15aa9e19234f9343024a6880220b0dda0a5d69b1f1c010",
            "productDescription": "",
            "volume": "350ml"
        },
        "priceData": {
            "bestPrice": "4.00",
            "price": "4.00",
            "pricePerLitre": 11.428571428571429,
            "bestPricePerLitre": 11.428571428571429
        },
        "store": {
            "id": "5e79272860b75a65720662ba",
            "name": "Bell Block"
        }
    },
    {
        "productData": {
            "name": "V Blue Energy Drink Bottle 500ml",
            "productId": "v-blue-energy-drink-bottle-500ml",
            "productShopPage": "https://bellblock.store.supervalue.co.nz/lines/v-blue-energy-drink-bottle-500ml",
            "productImageURL": "https://dtgxwmigmg3gc.cloudfront.net/imagery/assets/derivations/icon/512/512/true/eyJpZCI6IjgyYWYxYWY4MGI4MzUxODhiYmVhZGVhM2U2NzY0MzI5Iiwic3RvcmFnZSI6InB1YmxpY19zdG9yZSJ9?signature=7e70fc576864a528a1431734d680cbf177a11b419a692dbfd34800c31b8944ec",
            "productDescription": "",
            "volume": "500ml"
        },
        "priceData": {
            "bestPrice": "2.70",
            "price": "2.70",
            "pricePerLitre": 5.4,
            "bestPricePerLitre": 5.4
        },
        "store": {
            "id": "5e79272860b75a65720662ba",
            "name": "Bell Block"
        }
    },
    {
        "productData": {
            "name": "V Blue Sugarfree Energy Drink 500ml",
            "productId": "v-blue-sugarfree-energy-drink-500ml",
            "productShopPage": "https://bellblock.store.supervalue.co.nz/lines/v-blue-sugarfree-energy-drink-500ml",
            "productImageURL": "https://dtgxwmigmg3gc.cloudfront.net/imagery/assets/derivations/icon/512/512/true/eyJpZCI6ImVmYjQyOWRmM2JjZjc3NTY1ZDIwMTEyNTY0MDdmZjA1Iiwic3RvcmFnZSI6InB1YmxpY19zdG9yZSJ9?signature=2911d59474d8305039a3be3bef0f887c38d9ab84596314b13cc4b150101175ab",
            "productDescription": "",
            "volume": "500ml"
        },
        "priceData": {
            "bestPrice": "4.00",
            "price": "4.00",
            "pricePerLitre": 8.0,
            "bestPricePerLitre": 8.0
        },
        "store": {
            "id": "5e79272860b75a65720662ba",
            "name": "Bell Block"
        }
    },
    {
        "productData": {
            "name": "V Raspberry Lemonade Energy Drink 500ml",
            "productId": "v-energy-drink-raspberry-lemonade-500ml-can",
            "productShopPage": "https://bellblock.store.supervalue.co.nz/lines/v-energy-drink-raspberry-lemonade-500ml-can",
            "productImageURL": "https://dtgxwmigmg3gc.cloudfront.net/imagery/assets/derivations/icon/512/512/true/eyJpZCI6ImE3N2Y5NzBmY2FhOWZhYmZiOTc3MmYyMzE4MGRiOTcxIiwic3RvcmFnZSI6InB1YmxpY19zdG9yZSJ9?signature=2bb7890fe6d7b0c0c6a522be31c78077be0aa570ca4c8aa5549ccf80761262dc",
            "productDescription": "",
            "volume": "500ml"
        },
        "priceData": {
            "bestPrice": "4.00",
            "price": "4.00",
            "pricePerLitre": 8.0,
            "bestPricePerLitre": 8.0
        },
        "store": {
            "id": "5e79272860b75a65720662ba",
            "name": "Bell Block"
        }
    },
    {
        "productData": {
            "name": "V Blue Energy Drink Blue Guarana Can 250ml",
            "productId": "v-blue-energy-drink-blue-guarana-can-250ml",
            "productShopPage": "https://bellblock.store.supervalue.co.nz/lines/v-blue-energy-drink-blue-guarana-can-250ml",
            "productImageURL": "https://dtgxwmigmg3gc.cloudfront.net/imagery/assets/derivations/icon/512/512/true/eyJpZCI6IjBmZjQwNDEyZWQ2ZDk4YTg3YWQ2ZDUyMWZlNjM1YzJkIiwic3RvcmFnZSI6InB1YmxpY19zdG9yZSJ9?signature=8f745abe5614ec47b3d7a07f1a34ba529184a87b2a696211ba5a0f9f29c86bf0",
            "productDescription": "",
            "volume": "250ml"
        },
        "priceData": {
            "bestPrice": "2.40",
            "price": "2.40",
            "pricePerLitre": 9.6,
            "bestPricePerLitre": 9.6
        },
        "store": {
            "id": "5e79272860b75a65720662ba",
            "name": "Bell Block"
        }
    },
    {
        "productData": {
            "name": "V Blue Energy Drink Blue Guarana Can 500ml",
            "productId": "v-blue-energy-drink-blue-guarana-can-500ml",
            "productShopPage": "https://bellblock.store.supervalue.co.nz/lines/v-blue-energy-drink-blue-guarana-can-500ml",
            "productImageURL": "https://dtgxwmigmg3gc.cloudfront.net/imagery/assets/derivations/icon/512/512/true/eyJpZCI6ImFmYjEyYjVjYTU2YWI5ZDJhMTVmNGY2MDg2NWFlNzgxIiwic3RvcmFnZSI6InB1YmxpY19zdG9yZSJ9?signature=b537a8cc5a2c0f90f1702b2c541db44c3a740a0ec4a96e92ab2d6537f9320e8d",
            "productDescription": "",
            "volume": "500ml"
        },
        "priceData": {
            "bestPrice": "4.00",
            "price": "4.00",
            "pricePerLitre": 8.0,
            "bestPricePerLitre": 8.0
        },
        "store": {
            "id": "5e79272860b75a65720662ba",
            "name": "Bell Block"
        }
    },
    {
        "productData": {
            "name": "Monster Energy Pipeline Punch 500ml",
            "productId": "monster-energy-pipeline-punch-500ml",
            "productShopPage": "https://bellblock.store.supervalue.co.nz/lines/monster-energy-pipeline-punch-500ml",
            "productImageURL": "https://dtgxwmigmg3gc.cloudfront.net/imagery/assets/derivations/icon/512/512/true/eyJpZCI6IjBhODJhZGNkMWY5YThiMWQ5ZjY0YjRjNGE0YWQwMzMxIiwic3RvcmFnZSI6InB1YmxpY19zdG9yZSJ9?signature=7a4880545cb059c8f06a41c671fb0785b7cddf3903741ed2f081d6bcf2e5189f",
            "productDescription": "",
            "volume": "500ml"
        },
        "priceData": {
            "bestPrice": "3.60",
            "price": "3.60",
            "pricePerLitre": 7.2,
            "bestPricePerLitre": 7.2
        },
        "store": {
            "id": "5e79272860b75a65720662ba",
            "name": "Bell Block"
        }
    },
    {
        "productData": {
            "name": "Live Plus Energy Drink Citrus Flavour 500ml",
            "productId": "live-plus-persist-500ml",
            "productShopPage": "https://bellblock.store.supervalue.co.nz/lines/live-plus-persist-500ml",
            "productImageURL": "https://dtgxwmigmg3gc.cloudfront.net/imagery/assets/derivations/icon/512/512/true/eyJpZCI6IjFlNWQ5YzI4OWM1N2UzNmYzZmI2NThlMDQzZTI3ZjE4Iiwic3RvcmFnZSI6InB1YmxpY19zdG9yZSJ9?signature=756b17fefe47174b90e7dbec8cd09db27f9f59f4994bc750b71256ae93ba9fa8",
            "productDescription": "",
            "volume": "500ml"
        },
        "priceData": {
            "bestPrice": "3.20",
            "price": "3.20",
            "pricePerLitre": 6.4,
            "bestPricePerLitre": 6.4
        },
        "store": {
            "id": "5e79272860b75a65720662ba",
            "name": "Bell Block"
        }
    },
    {
        "productData": {
            "name": "Rockstar Original Energy Drink 500ml",
            "productId": "rockstar-original-energy-drink-500ml",
            "productShopPage": "https://bellblock.store.supervalue.co.nz/lines/rockstar-original-energy-drink-500ml",
            "productImageURL": "https://dtgxwmigmg3gc.cloudfront.net/imagery/assets/derivations/icon/512/512/true/eyJpZCI6IjU3ZDZkYWUyNGJjNjZmNDNlOGIzY2VjNzUxMjRhMjI3Iiwic3RvcmFnZSI6InB1YmxpY19zdG9yZSJ9?signature=9188953bef1e966209f16fc8764ba247eac95345644fc57ad5992e177e099176",
            "productDescription": "",
            "volume": "500ml"
        },
        "priceData": {
            "bestPrice": "2.20",
            "price": "2.20",
            "pricePerLitre": 4.4,
            "bestPricePerLitre": 4.4
        },
        "store": {
            "id": "5e79272860b75a65720662ba",
            "name": "Bell Block"
        }
    },
    {
        "productData": {
            "name": "Rockstar Punched Energy Guava 500ml",
            "productId": "rockstar-punched-energy-guava-500ml",
            "productShopPage": "https://bellblock.store.supervalue.co.nz/lines/rockstar-punched-energy-guava-500ml",
            "productImageURL": "https://dtgxwmigmg3gc.cloudfront.net/imagery/assets/derivations/icon/512/512/true/eyJpZCI6ImEzMDQwMDA1ZTlmNTRmNTczMTYzMDE1Yjk2NTFmZDIxIiwic3RvcmFnZSI6InB1YmxpY19zdG9yZSJ9?signature=bfb6b62e0f648da1212eb37234f40b47cf3251c956e2d837473e2acee3a5a4ef",
            "productDescription": "",
            "volume": "500ml"
        },
        "priceData": {
            "bestPrice": "2.20",
            "price": "2.20",
            "pricePerLitre": 4.4,
            "bestPricePerLitre": 4.4
        },
        "store": {
            "id": "5e79272860b75a65720662ba",
            "name": "Bell Block"
        }
    },
    {
        "productData": {
            "name": "Rockstar Energy Drink Blueberry Can 500ml",
            "productId": "rockstar-energy-drink-xdurance-blueberry-can-500ml",
            "productShopPage": "https://bellblock.store.supervalue.co.nz/lines/rockstar-energy-drink-xdurance-blueberry-can-500ml",
            "productImageURL": "https://dtgxwmigmg3gc.cloudfront.net/imagery/assets/derivations/icon/512/512/true/eyJpZCI6ImI1N2Q4NGI2ZGNjM2JiNDYyNzE0MDM1NDBmNDFiMTczIiwic3RvcmFnZSI6InB1YmxpY19zdG9yZSJ9?signature=7e05418bac60cf5dc657a6490b215fa93221265cb5d03bdab391f3993e9949d7",
            "productDescription": "",
            "volume": "500ml"
        },
        "priceData": {
            "bestPrice": "2.20",
            "price": "2.20",
            "pricePerLitre": 4.4,
            "bestPricePerLitre": 4.4
        },
        "store": {
            "id": "5e79272860b75a65720662ba",
            "name": "Bell Block"
        }
    },
    {
        "productData": {
            "name": "Live Plus Energy Drink Sugar Free Citrus Flavour 250ml",
            "productId": "live-plus-zero-sug-citrus-500ml",
            "productShopPage": "https://bellblock.store.supervalue.co.nz/lines/live-plus-zero-sug-citrus-500ml",
            "productImageURL": "https://dtgxwmigmg3gc.cloudfront.net/imagery/assets/derivations/icon/512/512/true/eyJpZCI6IjhkZGE2ODE2ZDc4Y2E5MmUxZTQ3YjAxOWExZjNlMTU5Iiwic3RvcmFnZSI6InB1YmxpY19zdG9yZSJ9?signature=ab72ec55544855bdd6eb188264cd302aac7f6bc747af365b1624653223d6953d",
            "productDescription": "",
            "volume": "250ml"
        },
        "priceData": {
            "bestPrice": "3.20",
            "price": "3.20",
            "pricePerLitre": 12.8,
            "bestPricePerLitre": 12.8
        },
        "store": {
            "id": "5e79272860b75a65720662ba",
            "name": "Bell Block"
        }
    },
    {
        "productData": {
            "name": "Monster Ultra Fiesta Energy 500ml",
            "productId": "monster-ultra-fiesta-energy-500ml",
            "productShopPage": "https://bellblock.store.supervalue.co.nz/lines/monster-ultra-fiesta-energy-500ml",
            "productImageURL": "https://dtgxwmigmg3gc.cloudfront.net/imagery/assets/derivations/icon/512/512/true/eyJpZCI6Ijg5N2U0MTUxNjJmNzU3MDA2MjQ3MGU2OWU5NWVhMzY2LmpwZyIsInN0b3JhZ2UiOiJwdWJsaWNfc3RvcmUifQ?signature=b5e95acb1f97789b134681678c5ac2a1847e8d33e7fad84f9ec384b4f5b59496",
            "productDescription": "",
            "volume": "500ml"
        },
        "priceData": {
            "bestPrice": "3.60",
            "price": "3.60",
            "pricePerLitre": 7.2,
            "bestPricePerLitre": 7.2
        },
        "store": {
            "id": "5e79272860b75a65720662ba",
            "name": "Bell Block"
        }
    },
    {
        "productData": {
            "name": "Live Plus Energy Drink Original Cans 250ml",
            "productId": "live-plus-energy-drink-original-cans-250ml",
            "productShopPage": "https://bellblock.store.supervalue.co.nz/lines/live-plus-energy-drink-original-cans-250ml",
            "productImageURL": "https://dtgxwmigmg3gc.cloudfront.net/imagery/assets/derivations/icon/512/512/true/eyJpZCI6IjJkOWMwNTExZWI5MDY3MmRhYzk2OWQzYTlmMDZlMzg4Iiwic3RvcmFnZSI6InB1YmxpY19zdG9yZSJ9?signature=ca15999b181bd95a0f396d2cd4687f7864bd189801bd1939021ec51f40f803ee",
            "productDescription": "",
            "volume": "250ml"
        },
        "priceData": {
            "bestPrice": "2.50",
            "price": "2.50",
            "pricePerLitre": 10.0,
            "bestPricePerLitre": 10.0
        },
        "store": {
            "id": "5e79272860b75a65720662ba",
            "name": "Bell Block"
        }
    },
    {
        "productData": {
            "name": "Musashi Energy Drink Blue Raspberry 500ml",
            "productId": "musashi-energy-drink-blue-raspberry-500ml",
            "productShopPage": "https://bellblock.store.supervalue.co.nz/lines/musashi-energy-drink-blue-raspberry-500ml",
            "productImageURL": "https://dtgxwmigmg3gc.cloudfront.net/imagery/assets/derivations/icon/512/512/true/eyJpZCI6IjE5MzNlYTI1Mjk2MTRjZTgwNmE0YThiZTU2NmRhMGI1Iiwic3RvcmFnZSI6InB1YmxpY19zdG9yZSJ9?signature=6f2e80fb21b91bb7d7f6ae2f6d711d7b645a3490600386d066f024d673ee01e2",
            "productDescription": "",
            "volume": "500ml"
        },
        "priceData": {
            "bestPrice": "3.50",
            "price": "3.50",
            "pricePerLitre": 7.0,
            "bestPricePerLitre": 7.0
        },
        "store": {
            "id": "5e79272860b75a65720662ba",
            "name": "Bell Block"
        }
    },
    {
        "productData": {
            "name": "Musashi Energy Drink Fruit Crush 500ml",
            "productId": "musashi-energy-drink-fruit-crush-500ml",
            "productShopPage": "https://bellblock.store.supervalue.co.nz/lines/musashi-energy-drink-fruit-crush-500ml",
            "productImageURL": "https://dtgxwmigmg3gc.cloudfront.net/imagery/assets/derivations/icon/512/512/true/eyJpZCI6IjExMTJjZTJlMjEyYjI4NTgwZjE0ZGZlYjE5MTgzNTQ5Iiwic3RvcmFnZSI6InB1YmxpY19zdG9yZSJ9?signature=249030276f0de6f4760c079da56b20c58d0b82a78f36efe8fd80f2bbe4aed7d4",
            "productDescription": "",
            "volume": "500ml"
        },
        "priceData": {
            "bestPrice": "3.50",
            "price": "3.50",
            "pricePerLitre": 7.0,
            "bestPricePerLitre": 7.0
        },
        "store": {
            "id": "5e79272860b75a65720662ba",
            "name": "Bell Block"
        }
    },
    {
        "productData": {
            "name": "Musashi Energy Drink Purple Grape 500ml",
            "productId": "musashi-energy-drink-purple-grape-500ml",
            "productShopPage": "https://bellblock.store.supervalue.co.nz/lines/musashi-energy-drink-purple-grape-500ml",
            "productImageURL": "https://dtgxwmigmg3gc.cloudfront.net/imagery/assets/derivations/icon/512/512/true/eyJpZCI6IjkxZGM0ODYyYmZhNGViMTkwM2U4MTYzM2FiMDYzMDdlIiwic3RvcmFnZSI6InB1YmxpY19zdG9yZSJ9?signature=d6ff84062f4b227aaf76b6e0be9ec9742734bc67867684146ce6624e4bcef6bd",
            "productDescription": "",
            "volume": "500ml"
        },
        "priceData": {
            "bestPrice": "3.50",
            "price": "3.50",
            "pricePerLitre": 7.0,
            "bestPricePerLitre": 7.0
        },
        "store": {
            "id": "5e79272860b75a65720662ba",
            "name": "Bell Block"
        }
    },
    {
        "productData": {
            "name": "V Refresh Energy Drink Citrus Lemonade 500ml Can 500ml",
            "productId": "v-refresh-energy-drink-citrus-lemonade-500ml-can-500ml",
            "productShopPage": "https://cannonscreek.store.supervalue.co.nz/lines/v-refresh-energy-drink-citrus-lemonade-500ml-can-500ml",
            "productImageURL": "https://dtgxwmigmg3gc.cloudfront.net/imagery/assets/derivations/icon/512/512/true/eyJpZCI6IjVlN2QyZDg4OTlkNWVhZDc1OTM3YzEwZDgwOTg1NjJmIiwic3RvcmFnZSI6InB1YmxpY19zdG9yZSJ9?signature=35586a0457373f804173605ba7f35fb0b256a119e67175911e869a6f42785c11",
            "productDescription": "",
            "volume": "500ml"
        },
        "priceData": {
            "bestPrice": "3.30",
            "price": "3.30",
            "pricePerLitre": 6.6,
            "bestPricePerLitre": 6.6
        },
        "store": {
            "id": "5e77de4ad7477609720bd184",
            "name": "Cannons Creek"
        }
    },
    {
        "productData": {
            "name": "V Refresh Energy Drink Pineapple Watermelon 500ml Can 500ml",
            "productId": "v-refresh-energy-drink-pineapple-watermelon-500ml-can-500ml",
            "productShopPage": "https://cannonscreek.store.supervalue.co.nz/lines/v-refresh-energy-drink-pineapple-watermelon-500ml-can-500ml",
            "productImageURL": "https://dtgxwmigmg3gc.cloudfront.net/imagery/assets/derivations/icon/512/512/true/eyJpZCI6IjgzMTBmY2EwMzFkODkxOTAxNDFmYWNhMjZhZmFlZTI0Iiwic3RvcmFnZSI6InB1YmxpY19zdG9yZSJ9?signature=2062a73b018e86e0e6858a08c9fea597971ea894ef5eee6cfb310bcaa3201c6f",
            "productDescription": "",
            "volume": "500ml"
        },
        "priceData": {
            "bestPrice": "3.30",
            "price": "3.30",
            "pricePerLitre": 6.6,
            "bestPricePerLitre": 6.6
        },
        "store": {
            "id": "5e77de4ad7477609720bd184",
            "name": "Cannons Creek"
        }
    },
    {
        "productData": {
            "name": "Monster Energy Drink Ultra Gold 500ml",
            "productId": "monster-energy-drink-ultra-gold-500ml",
            "productShopPage": "https://cannonscreek.store.supervalue.co.nz/lines/monster-energy-drink-ultra-gold-500ml",
            "productImageURL": "https://dtgxwmigmg3gc.cloudfront.net/imagery/assets/derivations/icon/512/512/true/eyJpZCI6ImM3MmEwNWIyMjE0YTAzMjcyNzFhYjMyZTI4Zjk4MGFhIiwic3RvcmFnZSI6InB1YmxpY19zdG9yZSJ9?signature=b4f295a92992569de94ae4176268ca4a850af7b8377f28e19d8ddb65e0e09cc2",
            "productDescription": "",
            "volume": "500ml"
        },
        "priceData": {
            "bestPrice": "3.60",
            "price": "3.60",
            "pricePerLitre": 7.2,
            "bestPricePerLitre": 7.2
        },
        "store": {
            "id": "5e77de4ad7477609720bd184",
            "name": "Cannons Creek"
        }
    },
    {
        "productData": {
            "name": "Mother Kicked Apple 500ml",
            "productId": "mother-kicked-apple-500ml",
            "productShopPage": "https://cannonscreek.store.supervalue.co.nz/lines/mother-kicked-apple-500ml",
            "productImageURL": "https://dtgxwmigmg3gc.cloudfront.net/imagery/assets/derivations/icon/512/512/true/eyJpZCI6IjNhZTlkYjkwYTM4MDFjMGEwYjUwYThhMDAwYjkyZjM0Iiwic3RvcmFnZSI6InB1YmxpY19zdG9yZSJ9?signature=c1a1db0a5d7b074c388cf08560fd44a4a2b6127821554198e54eeea8474325f6",
            "productDescription": "",
            "volume": "500ml"
        },
        "priceData": {
            "bestPrice": "3.20",
            "price": "3.20",
            "pricePerLitre": 6.4,
            "bestPricePerLitre": 6.4
        },
        "store": {
            "id": "5e77de4ad7477609720bd184",
            "name": "Cannons Creek"
        }
    },
    {
        "productData": {
            "name": "Monster Energy Import 550ml",
            "productId": "monster-energy-import-550ml",
            "productShopPage": "https://cannonscreek.store.supervalue.co.nz/lines/monster-energy-import-550ml",
            "productImageURL": "https://dtgxwmigmg3gc.cloudfront.net/imagery/assets/derivations/icon/512/512/true/eyJpZCI6IjA2NGMxOGY0ZGZmNTVlMTNmNzA4ZjMxMWMyNGZjZjAyIiwic3RvcmFnZSI6InB1YmxpY19zdG9yZSJ9?signature=0b55cb185296dc7565fe1f5b72fcfd3d848728a98d940d66324e3ac86e1d833a",
            "productDescription": "",
            "volume": "550ml"
        },
        "priceData": {
            "bestPrice": "3.35",
            "price": "3.35",
            "pricePerLitre": 6.090909090909091,
            "bestPricePerLitre": 6.090909090909091
        },
        "store": {
            "id": "5e77de4ad7477609720bd184",
            "name": "Cannons Creek"
        }
    },
    {
        "productData": {
            "name": "Monster Energy Ultra Zero 500ml Can 500ml",
            "productId": "monster-energy-ultra-zero-500ml",
            "productShopPage": "https://cannonscreek.store.supervalue.co.nz/lines/monster-energy-ultra-zero-500ml",
            "productImageURL": "https://dtgxwmigmg3gc.cloudfront.net/imagery/assets/derivations/icon/512/512/true/eyJpZCI6IjE2ZDZhZmVkN2M0YjVjMzRmMjExNGJhNWQyMzhlOTQ4Iiwic3RvcmFnZSI6InB1YmxpY19zdG9yZSJ9?signature=10ef7ab522a8389710a24973bac3bd88af990f17b5da987fda62632f41e72ced",
            "productDescription": "",
            "volume": "500ml"
        },
        "priceData": {
            "bestPrice": "3.60",
            "price": "3.60",
            "pricePerLitre": 7.2,
            "bestPricePerLitre": 7.2
        },
        "store": {
            "id": "5e77de4ad7477609720bd184",
            "name": "Cannons Creek"
        }
    },
    {
        "productData": {
            "name": "Monster Energy Green 500ml",
            "productId": "monster-energy-green-500ml",
            "productShopPage": "https://cannonscreek.store.supervalue.co.nz/lines/monster-energy-green-500ml",
            "productImageURL": "https://dtgxwmigmg3gc.cloudfront.net/imagery/assets/derivations/icon/512/512/true/eyJpZCI6IjdlMWQ4YzE4OWEzYjkxOWExNTNiZDRmMGNhMjA0MGFjIiwic3RvcmFnZSI6InB1YmxpY19zdG9yZSJ9?signature=7d8e276d7131e46748c715b58473be8fec7d21f3d10abd6d108f8b0cb856d4a3",
            "productDescription": "",
            "volume": "500ml"
        },
        "priceData": {
            "bestPrice": "3.60",
            "price": "3.60",
            "pricePerLitre": 7.2,
            "bestPricePerLitre": 7.2
        },
        "store": {
            "id": "5e77de4ad7477609720bd184",
            "name": "Cannons Creek"
        }
    },
    {
        "productData": {
            "name": "Monster Energy Drink Ultra Rosa 500ml",
            "productId": "monster-energy-drink-ultra-rosa-500ml",
            "productShopPage": "https://cannonscreek.store.supervalue.co.nz/lines/monster-energy-drink-ultra-rosa-500ml",
            "productImageURL": "https://dtgxwmigmg3gc.cloudfront.net/imagery/assets/derivations/icon/512/512/true/eyJpZCI6IjBmZDhiOGI4MDk3NDYzMDI0ZGQ4OTdhYTk2ZmVmMmRiIiwic3RvcmFnZSI6InB1YmxpY19zdG9yZSJ9?signature=b524829083fd581b245f26f999cd130415f1b63b346277cf6a7a0faece216093",
            "productDescription": "",
            "volume": "500ml"
        },
        "priceData": {
            "bestPrice": "3.60",
            "price": "3.60",
            "pricePerLitre": 7.2,
            "bestPricePerLitre": 7.2
        },
        "store": {
            "id": "5e77de4ad7477609720bd184",
            "name": "Cannons Creek"
        }
    },
    {
        "productData": {
            "name": "Mother Energy Drink Berry 500ml",
            "productId": "mother-energy-drink-berry-500ml",
            "productShopPage": "https://cannonscreek.store.supervalue.co.nz/lines/mother-energy-drink-berry-500ml",
            "productImageURL": "https://dtgxwmigmg3gc.cloudfront.net/imagery/assets/derivations/icon/512/512/true/eyJpZCI6ImRhYTJlNjUzNzRjZjViNjI0ZDljNzUzNDA3YmE0ZDFkIiwic3RvcmFnZSI6InB1YmxpY19zdG9yZSJ9?signature=d9ffb465d71d599811c2ff7a788845bfe297eb3624ad7866a89cf0b3ece073f0",
            "productDescription": "",
            "volume": "500ml"
        },
        "priceData": {
            "bestPrice": "3.20",
            "price": "3.20",
            "pricePerLitre": 6.4,
            "bestPricePerLitre": 6.4
        },
        "store": {
            "id": "5e77de4ad7477609720bd184",
            "name": "Cannons Creek"
        }
    },
    {
        "productData": {
            "name": "Mother Energy Drink Black 500ml",
            "productId": "mother-energy-drink-black-500ml",
            "productShopPage": "https://cannonscreek.store.supervalue.co.nz/lines/mother-energy-drink-black-500ml",
            "productImageURL": "https://dtgxwmigmg3gc.cloudfront.net/imagery/assets/derivations/icon/512/512/true/eyJpZCI6ImYyMzA5MjhkYjg3ODFhYmYzZDU3ZjE1YjNmYzU2MWFjIiwic3RvcmFnZSI6InB1YmxpY19zdG9yZSJ9?signature=d3dbddb83d3d457075cd5d8936bef0c5b48fce4fa3fe725995d8b6d57219ceb5",
            "productDescription": "",
            "volume": "500ml"
        },
        "priceData": {
            "bestPrice": "3.20",
            "price": "3.20",
            "pricePerLitre": 6.4,
            "bestPricePerLitre": 6.4
        },
        "store": {
            "id": "5e77de4ad7477609720bd184",
            "name": "Cannons Creek"
        }
    },
    {
        "productData": {
            "name": "Mother Energy Drink Passion 500ml",
            "productId": "mother-energy-drink-passion-500ml",
            "productShopPage": "https://cannonscreek.store.supervalue.co.nz/lines/mother-energy-drink-passion-500ml",
            "productImageURL": "https://dtgxwmigmg3gc.cloudfront.net/imagery/assets/derivations/icon/512/512/true/eyJpZCI6ImFkZDQ3ZmI4MGJjMmU2ZTgxNDcxNDRhYWFmOWZkYzViIiwic3RvcmFnZSI6InB1YmxpY19zdG9yZSJ9?signature=c8aea44ce6ff965b9e87fcb9f60849b0328e9b8983b9d5547e51c910f8f5368b",
            "productDescription": "",
            "volume": "500ml"
        },
        "priceData": {
            "bestPrice": "3.20",
            "price": "3.20",
            "pricePerLitre": 6.4,
            "bestPricePerLitre": 6.4
        },
        "store": {
            "id": "5e77de4ad7477609720bd184",
            "name": "Cannons Creek"
        }
    },
    {
        "productData": {
            "name": "Mother Tropical Blast 500ml",
            "productId": "mother-tropical-blast-500ml",
            "productShopPage": "https://cannonscreek.store.supervalue.co.nz/lines/mother-tropical-blast-500ml",
            "productImageURL": "https://dtgxwmigmg3gc.cloudfront.net/imagery/assets/derivations/icon/512/512/true/eyJpZCI6IjY2ODFiOTc3MTY1OWVlZGI0YWU0ZDEwNmRkMWI3MTFmIiwic3RvcmFnZSI6InB1YmxpY19zdG9yZSJ9?signature=d1b01bfff1b3992a83da4126d87194cc3819f2c04c19ef718954650d0bb059a1",
            "productDescription": "",
            "volume": "500ml"
        },
        "priceData": {
            "bestPrice": "3.20",
            "price": "3.20",
            "pricePerLitre": 6.4,
            "bestPricePerLitre": 6.4
        },
        "store": {
            "id": "5e77de4ad7477609720bd184",
            "name": "Cannons Creek"
        }
    },
    {
        "productData": {
            "name": "Mother Epic Swell Energy Drink Twisted Apple 500ml",
            "productId": "mother-epic-swell-energy-drink-twisted-apple-500ml",
            "productShopPage": "https://cannonscreek.store.supervalue.co.nz/lines/mother-epic-swell-energy-drink-twisted-apple-500ml",
            "productImageURL": "https://dtgxwmigmg3gc.cloudfront.net/imagery/assets/derivations/icon/512/512/true/eyJpZCI6IjE3NGY3OWU3NDkwYTQ5MGE4NGFkNjYzZjVlODdjNzlmIiwic3RvcmFnZSI6InB1YmxpY19zdG9yZSJ9?signature=8b8c94eb83ff8e282e2c9309d499d02862cc0d052bea74cb186828b6e121cc4e",
            "productDescription": "",
            "volume": "500ml"
        },
        "priceData": {
            "bestPrice": "3.20",
            "price": "3.20",
            "pricePerLitre": 6.4,
            "bestPricePerLitre": 6.4
        },
        "store": {
            "id": "5e77de4ad7477609720bd184",
            "name": "Cannons Creek"
        }
    },
    {
        "productData": {
            "name": "Monster Energy Juice Mango Loco 500ml",
            "productId": "monster-energy-juice-mango-loco-500ml-can",
            "productShopPage": "https://cannonscreek.store.supervalue.co.nz/lines/monster-energy-juice-mango-loco-500ml-can",
            "productImageURL": "https://dtgxwmigmg3gc.cloudfront.net/imagery/assets/derivations/icon/512/512/true/eyJpZCI6ImFiNTMzOTMyOWEwYWQ0NzdjMjJjNjlkMzQxZTNhOGQxIiwic3RvcmFnZSI6InB1YmxpY19zdG9yZSJ9?signature=68e99f74abe4c896ded0dd7313a3b51988c1e1a783fd4322eb0d59affb53ec54",
            "productDescription": "",
            "volume": "500ml"
        },
        "priceData": {
            "bestPrice": "3.60",
            "price": "3.60",
            "pricePerLitre": 7.2,
            "bestPricePerLitre": 7.2
        },
        "store": {
            "id": "5e77de4ad7477609720bd184",
            "name": "Cannons Creek"
        }
    },
    {
        "productData": {
            "name": "V Energy Drink 710ml Can",
            "productId": "v-energy-drink-710ml-can",
            "productShopPage": "https://cannonscreek.store.supervalue.co.nz/lines/v-energy-drink-710ml-can",
            "productImageURL": "https://dtgxwmigmg3gc.cloudfront.net/imagery/assets/derivations/icon/512/512/true/eyJpZCI6ImU1Mjg5NDIyNDI0MzhlNGM0N2IxY2FmMmExOWQ0OGI0Iiwic3RvcmFnZSI6InB1YmxpY19zdG9yZSJ9?signature=875386458f8ad66eb59967a1ca6ad24a19d1592f97a894e439af7d9be1852340",
            "productDescription": "",
            "volume": "710ml"
        },
        "priceData": {
            "bestPrice": "3.90",
            "price": "3.90",
            "pricePerLitre": 5.492957746478873,
            "bestPricePerLitre": 5.492957746478873
        },
        "store": {
            "id": "5e77de4ad7477609720bd184",
            "name": "Cannons Creek"
        }
    },
    {
        "productData": {
            "name": "V Energy Drink Guarana 500ml",
            "productId": "v-energy-drink-guarana-500ml",
            "productShopPage": "https://cannonscreek.store.supervalue.co.nz/lines/v-energy-drink-guarana-500ml",
            "productImageURL": "https://dtgxwmigmg3gc.cloudfront.net/imagery/assets/derivations/icon/512/512/true/eyJpZCI6IjgzZDAxMjhiMzg4NmEwZmE4YTE2ZjY2NWIzNmM2NzI2Iiwic3RvcmFnZSI6InB1YmxpY19zdG9yZSJ9?signature=f55ecc561066291a4e74a967db35ea2355f881bd1708bf400fd790032384ae4f",
            "productDescription": "",
            "volume": "500ml"
        },
        "priceData": {
            "bestPrice": "2.80",
            "price": "2.80",
            "pricePerLitre": 5.6,
            "bestPricePerLitre": 5.6
        },
        "store": {
            "id": "5e77de4ad7477609720bd184",
            "name": "Cannons Creek"
        }
    },
    {
        "productData": {
            "name": "V Energy Drink Sugarfree 500ml",
            "productId": "v-energy-drink-sugarfree-500ml",
            "productShopPage": "https://cannonscreek.store.supervalue.co.nz/lines/v-energy-drink-sugarfree-500ml",
            "productImageURL": "https://dtgxwmigmg3gc.cloudfront.net/imagery/assets/derivations/icon/512/512/true/eyJpZCI6ImVkZTAxNTNmMDI1NmU1NDZjNWQ5MTc3MjE3ZTQ3YTQ0Iiwic3RvcmFnZSI6InB1YmxpY19zdG9yZSJ9?signature=abcf72d9faa9ee3044eaa3b7ee0bf9b4fd8f582379018d8727f2234b7d3f3c85",
            "productDescription": "",
            "volume": "500ml"
        },
        "priceData": {
            "bestPrice": "2.80",
            "price": "2.80",
            "pricePerLitre": 5.6,
            "bestPricePerLitre": 5.6
        },
        "store": {
            "id": "5e77de4ad7477609720bd184",
            "name": "Cannons Creek"
        }
    },
    {
        "productData": {
            "name": "V Energy Drink Blue Guarana Spritzed 350ml",
            "productId": "v-blue-energy-drink-blue-guarana-spritzed-350ml",
            "productShopPage": "https://cannonscreek.store.supervalue.co.nz/lines/v-blue-energy-drink-blue-guarana-spritzed-350ml",
            "productImageURL": "https://dtgxwmigmg3gc.cloudfront.net/imagery/assets/derivations/icon/512/512/true/eyJpZCI6ImY2OTRlZGI4NjdlNWMzZDM5NzgzMDQ0ODFkMzUxZGZiIiwic3RvcmFnZSI6InB1YmxpY19zdG9yZSJ9?signature=591b3079cb9c2407a29b3bc348eaf42dc1d34daba5c9d7aba65be654725b6719",
            "productDescription": "",
            "volume": "350ml"
        },
        "priceData": {
            "bestPrice": "4.00",
            "price": "4.00",
            "pricePerLitre": 11.428571428571429,
            "bestPricePerLitre": 11.428571428571429
        },
        "store": {
            "id": "5e77de4ad7477609720bd184",
            "name": "Cannons Creek"
        }
    },
    {
        "productData": {
            "name": "V Energy Drink Green Guarana 350ml",
            "productId": "v-energy-drink-green-guarana-350ml",
            "productShopPage": "https://cannonscreek.store.supervalue.co.nz/lines/v-energy-drink-green-guarana-350ml",
            "productImageURL": "https://dtgxwmigmg3gc.cloudfront.net/imagery/assets/derivations/icon/512/512/true/eyJpZCI6IjRiNjY4ZjYxOTQ2ODYyN2MzM2NiZWMyNGUyNmIyODk4Iiwic3RvcmFnZSI6InB1YmxpY19zdG9yZSJ9?signature=4cded9cb42349eef45a593461f311b1bb7fa881295733879671ad9fe9887d30c",
            "productDescription": "",
            "volume": "350ml"
        },
        "priceData": {
            "bestPrice": "4.00",
            "price": "4.00",
            "pricePerLitre": 11.428571428571429,
            "bestPricePerLitre": 11.428571428571429
        },
        "store": {
            "id": "5e77de4ad7477609720bd184",
            "name": "Cannons Creek"
        }
    },
    {
        "productData": {
            "name": "V Energy Drink Guarana Can 250ml",
            "productId": "v-energy-drink-guarana-can-250ml",
            "productShopPage": "https://cannonscreek.store.supervalue.co.nz/lines/v-energy-drink-guarana-can-250ml",
            "productImageURL": "https://dtgxwmigmg3gc.cloudfront.net/imagery/assets/derivations/icon/512/512/true/eyJpZCI6Ijc3Nzk1NjE2ZDhhNmFiMThhYzEzODYzOTg2ZmNkNzgwIiwic3RvcmFnZSI6InB1YmxpY19zdG9yZSJ9?signature=f5de1854d43e19cc62bff86893d4a55615cd916f8425a4dccd170b52eba81255",
            "productDescription": "",
            "volume": "250ml"
        },
        "priceData": {
            "bestPrice": "2.40",
            "price": "2.40",
            "pricePerLitre": 9.6,
            "bestPricePerLitre": 9.6
        },
        "store": {
            "id": "5e77de4ad7477609720bd184",
            "name": "Cannons Creek"
        }
    },
    {
        "productData": {
            "name": "V Energy Drink Guarana Can 500ml",
            "productId": "v-energy-drink-guarana-can-500ml",
            "productShopPage": "https://cannonscreek.store.supervalue.co.nz/lines/v-energy-drink-guarana-can-500ml",
            "productImageURL": "https://dtgxwmigmg3gc.cloudfront.net/imagery/assets/derivations/icon/512/512/true/eyJpZCI6ImI0NjgzNGZjNDRkMjU0MjgzYzJjZGNhMzA2NWIxYjA5Iiwic3RvcmFnZSI6InB1YmxpY19zdG9yZSJ9?signature=265e8273409849423466e7623cbbdf8352940707b8830803eec391e8f32c9c5f",
            "productDescription": "",
            "volume": "500ml"
        },
        "priceData": {
            "bestPrice": "4.00",
            "price": "4.00",
            "pricePerLitre": 8.0,
            "bestPricePerLitre": 8.0
        },
        "store": {
            "id": "5e77de4ad7477609720bd184",
            "name": "Cannons Creek"
        }
    },
    {
        "productData": {
            "name": "V Blue Energy Drink Bottle 500ml",
            "productId": "v-blue-energy-drink-bottle-500ml",
            "productShopPage": "https://cannonscreek.store.supervalue.co.nz/lines/v-blue-energy-drink-bottle-500ml",
            "productImageURL": "https://dtgxwmigmg3gc.cloudfront.net/imagery/assets/derivations/icon/512/512/true/eyJpZCI6IjgyYWYxYWY4MGI4MzUxODhiYmVhZGVhM2U2NzY0MzI5Iiwic3RvcmFnZSI6InB1YmxpY19zdG9yZSJ9?signature=7e70fc576864a528a1431734d680cbf177a11b419a692dbfd34800c31b8944ec",
            "productDescription": "",
            "volume": "500ml"
        },
        "priceData": {
            "bestPrice": "2.80",
            "price": "2.80",
            "pricePerLitre": 5.6,
            "bestPricePerLitre": 5.6
        },
        "store": {
            "id": "5e77de4ad7477609720bd184",
            "name": "Cannons Creek"
        }
    },
    {
        "productData": {
            "name": "V Blue Sugarfree Energy Drink 500ml",
            "productId": "v-blue-sugarfree-energy-drink-500ml",
            "productShopPage": "https://cannonscreek.store.supervalue.co.nz/lines/v-blue-sugarfree-energy-drink-500ml",
            "productImageURL": "https://dtgxwmigmg3gc.cloudfront.net/imagery/assets/derivations/icon/512/512/true/eyJpZCI6ImVmYjQyOWRmM2JjZjc3NTY1ZDIwMTEyNTY0MDdmZjA1Iiwic3RvcmFnZSI6InB1YmxpY19zdG9yZSJ9?signature=2911d59474d8305039a3be3bef0f887c38d9ab84596314b13cc4b150101175ab",
            "productDescription": "",
            "volume": "500ml"
        },
        "priceData": {
            "bestPrice": "4.00",
            "price": "4.00",
            "pricePerLitre": 8.0,
            "bestPricePerLitre": 8.0
        },
        "store": {
            "id": "5e77de4ad7477609720bd184",
            "name": "Cannons Creek"
        }
    },
    {
        "productData": {
            "name": "V Blue Energy Drink Blue Guarana Can 250ml",
            "productId": "v-blue-energy-drink-blue-guarana-can-250ml",
            "productShopPage": "https://cannonscreek.store.supervalue.co.nz/lines/v-blue-energy-drink-blue-guarana-can-250ml",
            "productImageURL": "https://dtgxwmigmg3gc.cloudfront.net/imagery/assets/derivations/icon/512/512/true/eyJpZCI6IjBmZjQwNDEyZWQ2ZDk4YTg3YWQ2ZDUyMWZlNjM1YzJkIiwic3RvcmFnZSI6InB1YmxpY19zdG9yZSJ9?signature=8f745abe5614ec47b3d7a07f1a34ba529184a87b2a696211ba5a0f9f29c86bf0",
            "productDescription": "",
            "volume": "250ml"
        },
        "priceData": {
            "bestPrice": "2.40",
            "price": "2.40",
            "pricePerLitre": 9.6,
            "bestPricePerLitre": 9.6
        },
        "store": {
            "id": "5e77de4ad7477609720bd184",
            "name": "Cannons Creek"
        }
    },
    {
        "productData": {
            "name": "V Blue Energy Drink Blue Guarana Can 500ml",
            "productId": "v-blue-energy-drink-blue-guarana-can-500ml",
            "productShopPage": "https://cannonscreek.store.supervalue.co.nz/lines/v-blue-energy-drink-blue-guarana-can-500ml",
            "productImageURL": "https://dtgxwmigmg3gc.cloudfront.net/imagery/assets/derivations/icon/512/512/true/eyJpZCI6ImFmYjEyYjVjYTU2YWI5ZDJhMTVmNGY2MDg2NWFlNzgxIiwic3RvcmFnZSI6InB1YmxpY19zdG9yZSJ9?signature=b537a8cc5a2c0f90f1702b2c541db44c3a740a0ec4a96e92ab2d6537f9320e8d",
            "productDescription": "",
            "volume": "500ml"
        },
        "priceData": {
            "bestPrice": "4.00",
            "price": "4.00",
            "pricePerLitre": 8.0,
            "bestPricePerLitre": 8.0
        },
        "store": {
            "id": "5e77de4ad7477609720bd184",
            "name": "Cannons Creek"
        }
    },
    {
        "productData": {
            "name": "Monster Super Fuel Zero Sugar 550ml",
            "productId": "monster-super-fuel-zero-sugar-550ml",
            "productShopPage": "https://cannonscreek.store.supervalue.co.nz/lines/monster-super-fuel-zero-sugar-550ml",
            "productImageURL": "https://dtgxwmigmg3gc.cloudfront.net/imagery/assets/derivations/icon/512/512/true/eyJpZCI6IjY3MjMyNWYxY2I3ZmU0ZTA1MThmNDhjNDhlODM4MDY1Iiwic3RvcmFnZSI6InB1YmxpY19zdG9yZSJ9?signature=b7227b86ec894bac082ac13fc5cca73f6b02d9cd28e8faf04f161ef8a679b36b",
            "productDescription": "",
            "volume": "550ml"
        },
        "priceData": {
            "bestPrice": "4.70",
            "price": "4.70",
            "pricePerLitre": 8.545454545454545,
            "bestPricePerLitre": 8.545454545454545
        },
        "store": {
            "id": "5e77de4ad7477609720bd184",
            "name": "Cannons Creek"
        }
    },
    {
        "productData": {
            "name": "Monster Super Fuel Purple Passion 550ml",
            "productId": "monster-super-fuel-purple-passion-550ml",
            "productShopPage": "https://cannonscreek.store.supervalue.co.nz/lines/monster-super-fuel-purple-passion-550ml",
            "productImageURL": "https://dtgxwmigmg3gc.cloudfront.net/imagery/assets/derivations/icon/512/512/true/eyJpZCI6Ijk2ZmZhZDhjZjMzMWRjZWRmNDlmZTY5NmY3OTAyOGMzIiwic3RvcmFnZSI6InB1YmxpY19zdG9yZSJ9?signature=06ec77da27eea4424e4efdf65129ae962724881f5c51b840443ba5ee91a0c593",
            "productDescription": "",
            "volume": "550ml"
        },
        "priceData": {
            "bestPrice": "4.70",
            "price": "4.70",
            "pricePerLitre": 8.545454545454545,
            "bestPricePerLitre": 8.545454545454545
        },
        "store": {
            "id": "5e77de4ad7477609720bd184",
            "name": "Cannons Creek"
        }
    },
    {
        "productData": {
            "name": "Monster Energy Pipeline Punch 500ml",
            "productId": "monster-energy-pipeline-punch-500ml",
            "productShopPage": "https://cannonscreek.store.supervalue.co.nz/lines/monster-energy-pipeline-punch-500ml",
            "productImageURL": "https://dtgxwmigmg3gc.cloudfront.net/imagery/assets/derivations/icon/512/512/true/eyJpZCI6IjBhODJhZGNkMWY5YThiMWQ5ZjY0YjRjNGE0YWQwMzMxIiwic3RvcmFnZSI6InB1YmxpY19zdG9yZSJ9?signature=7a4880545cb059c8f06a41c671fb0785b7cddf3903741ed2f081d6bcf2e5189f",
            "productDescription": "",
            "volume": "500ml"
        },
        "priceData": {
            "bestPrice": "3.60",
            "price": "3.60",
            "pricePerLitre": 7.2,
            "bestPricePerLitre": 7.2
        },
        "store": {
            "id": "5e77de4ad7477609720bd184",
            "name": "Cannons Creek"
        }
    },
    {
        "productData": {
            "name": "Live Plus Energy Drink Citrus Flavour 500ml",
            "productId": "live-plus-persist-500ml",
            "productShopPage": "https://cannonscreek.store.supervalue.co.nz/lines/live-plus-persist-500ml",
            "productImageURL": "https://dtgxwmigmg3gc.cloudfront.net/imagery/assets/derivations/icon/512/512/true/eyJpZCI6IjFlNWQ5YzI4OWM1N2UzNmYzZmI2NThlMDQzZTI3ZjE4Iiwic3RvcmFnZSI6InB1YmxpY19zdG9yZSJ9?signature=756b17fefe47174b90e7dbec8cd09db27f9f59f4994bc750b71256ae93ba9fa8",
            "productDescription": "",
            "volume": "500ml"
        },
        "priceData": {
            "bestPrice": "3.20",
            "price": "3.20",
            "pricePerLitre": 6.4,
            "bestPricePerLitre": 6.4
        },
        "store": {
            "id": "5e77de4ad7477609720bd184",
            "name": "Cannons Creek"
        }
    },
    {
        "productData": {
            "name": "V Guarana Energy Drink Blue Sugarfree 250ml",
            "productId": "v-blue-sugarfree-energy-drink-250ml",
            "productShopPage": "https://cannonscreek.store.supervalue.co.nz/lines/v-blue-sugarfree-energy-drink-250ml",
            "productImageURL": "https://dtgxwmigmg3gc.cloudfront.net/imagery/assets/derivations/icon/512/512/true/eyJpZCI6IjI3YWJiOTVhYjNhMjEwMDU2MWJhMmRhNTM3YjRhZjVmIiwic3RvcmFnZSI6InB1YmxpY19zdG9yZSJ9?signature=66769306ca1d0ba674603954d338186dc999f6d1839090d49fde9416b3252365",
            "productDescription": "",
            "volume": "250ml"
        },
        "priceData": {
            "bestPrice": "2.40",
            "price": "2.40",
            "pricePerLitre": 9.6,
            "bestPricePerLitre": 9.6
        },
        "store": {
            "id": "5e77de4ad7477609720bd184",
            "name": "Cannons Creek"
        }
    },
    {
        "productData": {
            "name": "Live Plus Energy Drink Original Citrus Flavour 355ml",
            "productId": "live-plus-persist-glass-355ml",
            "productShopPage": "https://cannonscreek.store.supervalue.co.nz/lines/live-plus-persist-glass-355ml",
            "productImageURL": "https://dtgxwmigmg3gc.cloudfront.net/imagery/assets/derivations/icon/512/512/true/eyJpZCI6ImYzMjZlMTdmMmI5ZGRjZGYzYmFmNzNiMWQzN2Y5NDI4Iiwic3RvcmFnZSI6InB1YmxpY19zdG9yZSJ9?signature=8fa31eb2b309e9c7a293ba2e7a7541e3cdc686b1d3f519044aa97c666ae5f630",
            "productDescription": "",
            "volume": "355ml"
        },
        "priceData": {
            "bestPrice": "2.20",
            "price": "2.20",
            "pricePerLitre": 6.197183098591549,
            "bestPricePerLitre": 6.197183098591549
        },
        "store": {
            "id": "5e77de4ad7477609720bd184",
            "name": "Cannons Creek"
        }
    },
    {
        "productData": {
            "name": "Rockstar Original Energy Drink 500ml",
            "productId": "rockstar-original-energy-drink-500ml",
            "productShopPage": "https://cannonscreek.store.supervalue.co.nz/lines/rockstar-original-energy-drink-500ml",
            "productImageURL": "https://dtgxwmigmg3gc.cloudfront.net/imagery/assets/derivations/icon/512/512/true/eyJpZCI6IjU3ZDZkYWUyNGJjNjZmNDNlOGIzY2VjNzUxMjRhMjI3Iiwic3RvcmFnZSI6InB1YmxpY19zdG9yZSJ9?signature=9188953bef1e966209f16fc8764ba247eac95345644fc57ad5992e177e099176",
            "productDescription": "",
            "volume": "500ml"
        },
        "priceData": {
            "bestPrice": "2.20",
            "price": "2.20",
            "pricePerLitre": 4.4,
            "bestPricePerLitre": 4.4
        },
        "store": {
            "id": "5e77de4ad7477609720bd184",
            "name": "Cannons Creek"
        }
    },
    {
        "productData": {
            "name": "Rockstar Punched Energy Guava 500ml",
            "productId": "rockstar-punched-energy-guava-500ml",
            "productShopPage": "https://cannonscreek.store.supervalue.co.nz/lines/rockstar-punched-energy-guava-500ml",
            "productImageURL": "https://dtgxwmigmg3gc.cloudfront.net/imagery/assets/derivations/icon/512/512/true/eyJpZCI6ImEzMDQwMDA1ZTlmNTRmNTczMTYzMDE1Yjk2NTFmZDIxIiwic3RvcmFnZSI6InB1YmxpY19zdG9yZSJ9?signature=bfb6b62e0f648da1212eb37234f40b47cf3251c956e2d837473e2acee3a5a4ef",
            "productDescription": "",
            "volume": "500ml"
        },
        "priceData": {
            "bestPrice": "2.20",
            "price": "2.20",
            "pricePerLitre": 4.4,
            "bestPricePerLitre": 4.4
        },
        "store": {
            "id": "5e77de4ad7477609720bd184",
            "name": "Cannons Creek"
        }
    },
    {
        "productData": {
            "name": "Musashi Energy Drink Blue Raspberry 500ml",
            "productId": "musashi-energy-drink-blue-raspberry-500ml",
            "productShopPage": "https://cannonscreek.store.supervalue.co.nz/lines/musashi-energy-drink-blue-raspberry-500ml",
            "productImageURL": "https://dtgxwmigmg3gc.cloudfront.net/imagery/assets/derivations/icon/512/512/true/eyJpZCI6IjE5MzNlYTI1Mjk2MTRjZTgwNmE0YThiZTU2NmRhMGI1Iiwic3RvcmFnZSI6InB1YmxpY19zdG9yZSJ9?signature=6f2e80fb21b91bb7d7f6ae2f6d711d7b645a3490600386d066f024d673ee01e2",
            "productDescription": "",
            "volume": "500ml"
        },
        "priceData": {
            "bestPrice": "3.50",
            "price": "3.50",
            "pricePerLitre": 7.0,
            "bestPricePerLitre": 7.0
        },
        "store": {
            "id": "5e77de4ad7477609720bd184",
            "name": "Cannons Creek"
        }
    },
    {
        "productData": {
            "name": "Musashi Energy Drink Fruit Crush 500ml",
            "productId": "musashi-energy-drink-fruit-crush-500ml",
            "productShopPage": "https://cannonscreek.store.supervalue.co.nz/lines/musashi-energy-drink-fruit-crush-500ml",
            "productImageURL": "https://dtgxwmigmg3gc.cloudfront.net/imagery/assets/derivations/icon/512/512/true/eyJpZCI6IjExMTJjZTJlMjEyYjI4NTgwZjE0ZGZlYjE5MTgzNTQ5Iiwic3RvcmFnZSI6InB1YmxpY19zdG9yZSJ9?signature=249030276f0de6f4760c079da56b20c58d0b82a78f36efe8fd80f2bbe4aed7d4",
            "productDescription": "",
            "volume": "500ml"
        },
        "priceData": {
            "bestPrice": "3.50",
            "price": "3.50",
            "pricePerLitre": 7.0,
            "bestPricePerLitre": 7.0
        },
        "store": {
            "id": "5e77de4ad7477609720bd184",
            "name": "Cannons Creek"
        }
    },
    {
        "productData": {
            "name": "Musashi Energy Drink Purple Grape 500ml",
            "productId": "musashi-energy-drink-purple-grape-500ml",
            "productShopPage": "https://cannonscreek.store.supervalue.co.nz/lines/musashi-energy-drink-purple-grape-500ml",
            "productImageURL": "https://dtgxwmigmg3gc.cloudfront.net/imagery/assets/derivations/icon/512/512/true/eyJpZCI6IjkxZGM0ODYyYmZhNGViMTkwM2U4MTYzM2FiMDYzMDdlIiwic3RvcmFnZSI6InB1YmxpY19zdG9yZSJ9?signature=d6ff84062f4b227aaf76b6e0be9ec9742734bc67867684146ce6624e4bcef6bd",
            "productDescription": "",
            "volume": "500ml"
        },
        "priceData": {
            "bestPrice": "3.50",
            "price": "3.50",
            "pricePerLitre": 7.0,
            "bestPricePerLitre": 7.0
        },
        "store": {
            "id": "5e77de4ad7477609720bd184",
            "name": "Cannons Creek"
        }
    },
    {
        "productData": {
            "name": "V Refresh Energy Drink Citrus Lemonade 500ml Can 500ml",
            "productId": "v-refresh-energy-drink-citrus-lemonade-500ml-can-500ml",
            "productShopPage": "https://featherston.store.supervalue.co.nz/lines/v-refresh-energy-drink-citrus-lemonade-500ml-can-500ml",
            "productImageURL": "https://dtgxwmigmg3gc.cloudfront.net/imagery/assets/derivations/icon/512/512/true/eyJpZCI6IjVlN2QyZDg4OTlkNWVhZDc1OTM3YzEwZDgwOTg1NjJmIiwic3RvcmFnZSI6InB1YmxpY19zdG9yZSJ9?signature=35586a0457373f804173605ba7f35fb0b256a119e67175911e869a6f42785c11",
            "productDescription": "",
            "volume": "500ml"
        },
        "priceData": {
            "bestPrice": "3.30",
            "price": "3.30",
            "pricePerLitre": 6.6,
            "bestPricePerLitre": 6.6
        },
        "store": {
            "id": "5e7550f91db5f55ff808d021",
            "name": "Featherston"
        }
    },
    {
        "productData": {
            "name": "V Refresh Energy Drink Pineapple Watermelon 500ml Can 500ml",
            "productId": "v-refresh-energy-drink-pineapple-watermelon-500ml-can-500ml",
            "productShopPage": "https://featherston.store.supervalue.co.nz/lines/v-refresh-energy-drink-pineapple-watermelon-500ml-can-500ml",
            "productImageURL": "https://dtgxwmigmg3gc.cloudfront.net/imagery/assets/derivations/icon/512/512/true/eyJpZCI6IjgzMTBmY2EwMzFkODkxOTAxNDFmYWNhMjZhZmFlZTI0Iiwic3RvcmFnZSI6InB1YmxpY19zdG9yZSJ9?signature=2062a73b018e86e0e6858a08c9fea597971ea894ef5eee6cfb310bcaa3201c6f",
            "productDescription": "",
            "volume": "500ml"
        },
        "priceData": {
            "bestPrice": "3.30",
            "price": "3.30",
            "pricePerLitre": 6.6,
            "bestPricePerLitre": 6.6
        },
        "store": {
            "id": "5e7550f91db5f55ff808d021",
            "name": "Featherston"
        }
    },
    {
        "productData": {
            "name": "Monster Energy Drink Ultra Gold 500ml",
            "productId": "monster-energy-drink-ultra-gold-500ml",
            "productShopPage": "https://featherston.store.supervalue.co.nz/lines/monster-energy-drink-ultra-gold-500ml",
            "productImageURL": "https://dtgxwmigmg3gc.cloudfront.net/imagery/assets/derivations/icon/512/512/true/eyJpZCI6ImM3MmEwNWIyMjE0YTAzMjcyNzFhYjMyZTI4Zjk4MGFhIiwic3RvcmFnZSI6InB1YmxpY19zdG9yZSJ9?signature=b4f295a92992569de94ae4176268ca4a850af7b8377f28e19d8ddb65e0e09cc2",
            "productDescription": "",
            "volume": "500ml"
        },
        "priceData": {
            "bestPrice": "3.60",
            "price": "3.60",
            "pricePerLitre": 7.2,
            "bestPricePerLitre": 7.2
        },
        "store": {
            "id": "5e7550f91db5f55ff808d021",
            "name": "Featherston"
        }
    },
    {
        "productData": {
            "name": "Mother Kicked Apple 500ml",
            "productId": "mother-kicked-apple-500ml",
            "productShopPage": "https://featherston.store.supervalue.co.nz/lines/mother-kicked-apple-500ml",
            "productImageURL": "https://dtgxwmigmg3gc.cloudfront.net/imagery/assets/derivations/icon/512/512/true/eyJpZCI6IjNhZTlkYjkwYTM4MDFjMGEwYjUwYThhMDAwYjkyZjM0Iiwic3RvcmFnZSI6InB1YmxpY19zdG9yZSJ9?signature=c1a1db0a5d7b074c388cf08560fd44a4a2b6127821554198e54eeea8474325f6",
            "productDescription": "",
            "volume": "500ml"
        },
        "priceData": {
            "bestPrice": "3.20",
            "price": "3.20",
            "pricePerLitre": 6.4,
            "bestPricePerLitre": 6.4
        },
        "store": {
            "id": "5e7550f91db5f55ff808d021",
            "name": "Featherston"
        }
    },
    {
        "productData": {
            "name": "Monster Energy Drink Ultra Paradise 500ml",
            "productId": "monster-energy-drink-ultra-paradise-500ml",
            "productShopPage": "https://featherston.store.supervalue.co.nz/lines/monster-energy-drink-ultra-paradise-500ml",
            "productImageURL": "https://dtgxwmigmg3gc.cloudfront.net/imagery/assets/derivations/icon/512/512/true/eyJpZCI6IjU3ZTFkM2FiYTM1NTE5MjBjNGY3YWQ1MDlmN2JiM2FiIiwic3RvcmFnZSI6InB1YmxpY19zdG9yZSJ9?signature=f112dbd2da966f41ee31deb58894dec2d4e327e223dcd676069650d679f43cb5",
            "productDescription": "",
            "volume": "500ml"
        },
        "priceData": {
            "bestPrice": "3.60",
            "price": "3.60",
            "pricePerLitre": 7.2,
            "bestPricePerLitre": 7.2
        },
        "store": {
            "id": "5e7550f91db5f55ff808d021",
            "name": "Featherston"
        }
    },
    {
        "productData": {
            "name": "Monster Energy Ultra Zero 500ml Can 500ml",
            "productId": "monster-energy-ultra-zero-500ml",
            "productShopPage": "https://featherston.store.supervalue.co.nz/lines/monster-energy-ultra-zero-500ml",
            "productImageURL": "https://dtgxwmigmg3gc.cloudfront.net/imagery/assets/derivations/icon/512/512/true/eyJpZCI6IjE2ZDZhZmVkN2M0YjVjMzRmMjExNGJhNWQyMzhlOTQ4Iiwic3RvcmFnZSI6InB1YmxpY19zdG9yZSJ9?signature=10ef7ab522a8389710a24973bac3bd88af990f17b5da987fda62632f41e72ced",
            "productDescription": "",
            "volume": "500ml"
        },
        "priceData": {
            "bestPrice": "3.60",
            "price": "3.60",
            "pricePerLitre": 7.2,
            "bestPricePerLitre": 7.2
        },
        "store": {
            "id": "5e7550f91db5f55ff808d021",
            "name": "Featherston"
        }
    },
    {
        "productData": {
            "name": "Monster Energy Green 500ml",
            "productId": "monster-energy-green-500ml",
            "productShopPage": "https://featherston.store.supervalue.co.nz/lines/monster-energy-green-500ml",
            "productImageURL": "https://dtgxwmigmg3gc.cloudfront.net/imagery/assets/derivations/icon/512/512/true/eyJpZCI6IjdlMWQ4YzE4OWEzYjkxOWExNTNiZDRmMGNhMjA0MGFjIiwic3RvcmFnZSI6InB1YmxpY19zdG9yZSJ9?signature=7d8e276d7131e46748c715b58473be8fec7d21f3d10abd6d108f8b0cb856d4a3",
            "productDescription": "",
            "volume": "500ml"
        },
        "priceData": {
            "bestPrice": "3.60",
            "price": "3.60",
            "pricePerLitre": 7.2,
            "bestPricePerLitre": 7.2
        },
        "store": {
            "id": "5e7550f91db5f55ff808d021",
            "name": "Featherston"
        }
    },
    {
        "productData": {
            "name": "Monster Energy Drink Ultra Rosa 500ml",
            "productId": "monster-energy-drink-ultra-rosa-500ml",
            "productShopPage": "https://featherston.store.supervalue.co.nz/lines/monster-energy-drink-ultra-rosa-500ml",
            "productImageURL": "https://dtgxwmigmg3gc.cloudfront.net/imagery/assets/derivations/icon/512/512/true/eyJpZCI6IjBmZDhiOGI4MDk3NDYzMDI0ZGQ4OTdhYTk2ZmVmMmRiIiwic3RvcmFnZSI6InB1YmxpY19zdG9yZSJ9?signature=b524829083fd581b245f26f999cd130415f1b63b346277cf6a7a0faece216093",
            "productDescription": "",
            "volume": "500ml"
        },
        "priceData": {
            "bestPrice": "3.60",
            "price": "3.60",
            "pricePerLitre": 7.2,
            "bestPricePerLitre": 7.2
        },
        "store": {
            "id": "5e7550f91db5f55ff808d021",
            "name": "Featherston"
        }
    },
    {
        "productData": {
            "name": "Mother Energy Drink Berry 500ml",
            "productId": "mother-energy-drink-berry-500ml",
            "productShopPage": "https://featherston.store.supervalue.co.nz/lines/mother-energy-drink-berry-500ml",
            "productImageURL": "https://dtgxwmigmg3gc.cloudfront.net/imagery/assets/derivations/icon/512/512/true/eyJpZCI6ImRhYTJlNjUzNzRjZjViNjI0ZDljNzUzNDA3YmE0ZDFkIiwic3RvcmFnZSI6InB1YmxpY19zdG9yZSJ9?signature=d9ffb465d71d599811c2ff7a788845bfe297eb3624ad7866a89cf0b3ece073f0",
            "productDescription": "",
            "volume": "500ml"
        },
        "priceData": {
            "bestPrice": "3.20",
            "price": "3.20",
            "pricePerLitre": 6.4,
            "bestPricePerLitre": 6.4
        },
        "store": {
            "id": "5e7550f91db5f55ff808d021",
            "name": "Featherston"
        }
    },
    {
        "productData": {
            "name": "Mother Energy Drink Black 500ml",
            "productId": "mother-energy-drink-black-500ml",
            "productShopPage": "https://featherston.store.supervalue.co.nz/lines/mother-energy-drink-black-500ml",
            "productImageURL": "https://dtgxwmigmg3gc.cloudfront.net/imagery/assets/derivations/icon/512/512/true/eyJpZCI6ImYyMzA5MjhkYjg3ODFhYmYzZDU3ZjE1YjNmYzU2MWFjIiwic3RvcmFnZSI6InB1YmxpY19zdG9yZSJ9?signature=d3dbddb83d3d457075cd5d8936bef0c5b48fce4fa3fe725995d8b6d57219ceb5",
            "productDescription": "",
            "volume": "500ml"
        },
        "priceData": {
            "bestPrice": "3.20",
            "price": "3.20",
            "pricePerLitre": 6.4,
            "bestPricePerLitre": 6.4
        },
        "store": {
            "id": "5e7550f91db5f55ff808d021",
            "name": "Featherston"
        }
    },
    {
        "productData": {
            "name": "Mother Energy Drink Cans 250ml 6 Pack",
            "productId": "mother-energy-drink-6x250ml-cans",
            "productShopPage": "https://featherston.store.supervalue.co.nz/lines/mother-energy-drink-6x250ml-cans",
            "productImageURL": "https://dtgxwmigmg3gc.cloudfront.net/imagery/assets/derivations/icon/512/512/true/eyJpZCI6IjEyOGFhMmU0Y2VkYTU4ZWFkZmVhOWUwZjdlNTZhOTA4Iiwic3RvcmFnZSI6InB1YmxpY19zdG9yZSJ9?signature=5db1908f64527cf28fa7bf3266a83ab854a07ca50453511f7d414d8e6d5c10fb",
            "productDescription": "",
            "volume": "250ml"
        },
        "priceData": {
            "bestPrice": "8.00",
            "price": "8.00",
            "pricePerLitre": 32.0,
            "bestPricePerLitre": 32.0
        },
        "store": {
            "id": "5e7550f91db5f55ff808d021",
            "name": "Featherston"
        }
    },
    {
        "productData": {
            "name": "Mother Energy Drink Passion 500ml",
            "productId": "mother-energy-drink-passion-500ml",
            "productShopPage": "https://featherston.store.supervalue.co.nz/lines/mother-energy-drink-passion-500ml",
            "productImageURL": "https://dtgxwmigmg3gc.cloudfront.net/imagery/assets/derivations/icon/512/512/true/eyJpZCI6ImFkZDQ3ZmI4MGJjMmU2ZTgxNDcxNDRhYWFmOWZkYzViIiwic3RvcmFnZSI6InB1YmxpY19zdG9yZSJ9?signature=c8aea44ce6ff965b9e87fcb9f60849b0328e9b8983b9d5547e51c910f8f5368b",
            "productDescription": "",
            "volume": "500ml"
        },
        "priceData": {
            "bestPrice": "3.20",
            "price": "3.20",
            "pricePerLitre": 6.4,
            "bestPricePerLitre": 6.4
        },
        "store": {
            "id": "5e7550f91db5f55ff808d021",
            "name": "Featherston"
        }
    },
    {
        "productData": {
            "name": "Mother Tropical Blast 500ml",
            "productId": "mother-tropical-blast-500ml",
            "productShopPage": "https://featherston.store.supervalue.co.nz/lines/mother-tropical-blast-500ml",
            "productImageURL": "https://dtgxwmigmg3gc.cloudfront.net/imagery/assets/derivations/icon/512/512/true/eyJpZCI6IjY2ODFiOTc3MTY1OWVlZGI0YWU0ZDEwNmRkMWI3MTFmIiwic3RvcmFnZSI6InB1YmxpY19zdG9yZSJ9?signature=d1b01bfff1b3992a83da4126d87194cc3819f2c04c19ef718954650d0bb059a1",
            "productDescription": "",
            "volume": "500ml"
        },
        "priceData": {
            "bestPrice": "3.20",
            "price": "3.20",
            "pricePerLitre": 6.4,
            "bestPricePerLitre": 6.4
        },
        "store": {
            "id": "5e7550f91db5f55ff808d021",
            "name": "Featherston"
        }
    },
    {
        "productData": {
            "name": "Mother Epic Swell Energy Drink Twisted Apple 500ml",
            "productId": "mother-epic-swell-energy-drink-twisted-apple-500ml",
            "productShopPage": "https://featherston.store.supervalue.co.nz/lines/mother-epic-swell-energy-drink-twisted-apple-500ml",
            "productImageURL": "https://dtgxwmigmg3gc.cloudfront.net/imagery/assets/derivations/icon/512/512/true/eyJpZCI6IjE3NGY3OWU3NDkwYTQ5MGE4NGFkNjYzZjVlODdjNzlmIiwic3RvcmFnZSI6InB1YmxpY19zdG9yZSJ9?signature=8b8c94eb83ff8e282e2c9309d499d02862cc0d052bea74cb186828b6e121cc4e",
            "productDescription": "",
            "volume": "500ml"
        },
        "priceData": {
            "bestPrice": "3.20",
            "price": "3.20",
            "pricePerLitre": 6.4,
            "bestPricePerLitre": 6.4
        },
        "store": {
            "id": "5e7550f91db5f55ff808d021",
            "name": "Featherston"
        }
    },
    {
        "productData": {
            "name": "Monster Energy Juice Mango Loco 500ml",
            "productId": "monster-energy-juice-mango-loco-500ml-can",
            "productShopPage": "https://featherston.store.supervalue.co.nz/lines/monster-energy-juice-mango-loco-500ml-can",
            "productImageURL": "https://dtgxwmigmg3gc.cloudfront.net/imagery/assets/derivations/icon/512/512/true/eyJpZCI6ImFiNTMzOTMyOWEwYWQ0NzdjMjJjNjlkMzQxZTNhOGQxIiwic3RvcmFnZSI6InB1YmxpY19zdG9yZSJ9?signature=68e99f74abe4c896ded0dd7313a3b51988c1e1a783fd4322eb0d59affb53ec54",
            "productDescription": "",
            "volume": "500ml"
        },
        "priceData": {
            "bestPrice": "3.60",
            "price": "3.60",
            "pricePerLitre": 7.2,
            "bestPricePerLitre": 7.2
        },
        "store": {
            "id": "5e7550f91db5f55ff808d021",
            "name": "Featherston"
        }
    },
    {
        "productData": {
            "name": "V Energy Drink 710ml Can",
            "productId": "v-energy-drink-710ml-can",
            "productShopPage": "https://featherston.store.supervalue.co.nz/lines/v-energy-drink-710ml-can",
            "productImageURL": "https://dtgxwmigmg3gc.cloudfront.net/imagery/assets/derivations/icon/512/512/true/eyJpZCI6ImU1Mjg5NDIyNDI0MzhlNGM0N2IxY2FmMmExOWQ0OGI0Iiwic3RvcmFnZSI6InB1YmxpY19zdG9yZSJ9?signature=875386458f8ad66eb59967a1ca6ad24a19d1592f97a894e439af7d9be1852340",
            "productDescription": "",
            "volume": "710ml"
        },
        "priceData": {
            "bestPrice": "3.90",
            "price": "3.90",
            "pricePerLitre": 5.492957746478873,
            "bestPricePerLitre": 5.492957746478873
        },
        "store": {
            "id": "5e7550f91db5f55ff808d021",
            "name": "Featherston"
        }
    },
    {
        "productData": {
            "name": "V Energy Drink Guarana 500ml",
            "productId": "v-energy-drink-guarana-500ml",
            "productShopPage": "https://featherston.store.supervalue.co.nz/lines/v-energy-drink-guarana-500ml",
            "productImageURL": "https://dtgxwmigmg3gc.cloudfront.net/imagery/assets/derivations/icon/512/512/true/eyJpZCI6IjgzZDAxMjhiMzg4NmEwZmE4YTE2ZjY2NWIzNmM2NzI2Iiwic3RvcmFnZSI6InB1YmxpY19zdG9yZSJ9?signature=f55ecc561066291a4e74a967db35ea2355f881bd1708bf400fd790032384ae4f",
            "productDescription": "",
            "volume": "500ml"
        },
        "priceData": {
            "bestPrice": "2.80",
            "price": "2.80",
            "pricePerLitre": 5.6,
            "bestPricePerLitre": 5.6
        },
        "store": {
            "id": "5e7550f91db5f55ff808d021",
            "name": "Featherston"
        }
    },
    {
        "productData": {
            "name": "V Energy Drink Sugarfree 500ml",
            "productId": "v-energy-drink-sugarfree-500ml",
            "productShopPage": "https://featherston.store.supervalue.co.nz/lines/v-energy-drink-sugarfree-500ml",
            "productImageURL": "https://dtgxwmigmg3gc.cloudfront.net/imagery/assets/derivations/icon/512/512/true/eyJpZCI6ImVkZTAxNTNmMDI1NmU1NDZjNWQ5MTc3MjE3ZTQ3YTQ0Iiwic3RvcmFnZSI6InB1YmxpY19zdG9yZSJ9?signature=abcf72d9faa9ee3044eaa3b7ee0bf9b4fd8f582379018d8727f2234b7d3f3c85",
            "productDescription": "",
            "volume": "500ml"
        },
        "priceData": {
            "bestPrice": "2.80",
            "price": "2.80",
            "pricePerLitre": 5.6,
            "bestPricePerLitre": 5.6
        },
        "store": {
            "id": "5e7550f91db5f55ff808d021",
            "name": "Featherston"
        }
    },
    {
        "productData": {
            "name": "V Energy Drink Sugar Free Guarana 250ml",
            "productId": "v-energy-drink-sugar-free-guarana-250ml",
            "productShopPage": "https://featherston.store.supervalue.co.nz/lines/v-energy-drink-sugar-free-guarana-250ml",
            "productImageURL": "https://dtgxwmigmg3gc.cloudfront.net/imagery/assets/derivations/icon/512/512/true/eyJpZCI6ImZiNzM1NmU4NTMyZDllODlkZTljZmNlOGY2MzQ5NGQwIiwic3RvcmFnZSI6InB1YmxpY19zdG9yZSJ9?signature=72b0ce0a48ca796717c115fe5e8b4564501470f63bf80ae865d26e9d131a2b8c",
            "productDescription": "",
            "volume": "250ml"
        },
        "priceData": {
            "bestPrice": "2.40",
            "price": "2.40",
            "pricePerLitre": 9.6,
            "bestPricePerLitre": 9.6
        },
        "store": {
            "id": "5e7550f91db5f55ff808d021",
            "name": "Featherston"
        }
    },
    {
        "productData": {
            "name": "V Energy Drink Blue Guarana Spritzed 350ml",
            "productId": "v-blue-energy-drink-blue-guarana-spritzed-350ml",
            "productShopPage": "https://featherston.store.supervalue.co.nz/lines/v-blue-energy-drink-blue-guarana-spritzed-350ml",
            "productImageURL": "https://dtgxwmigmg3gc.cloudfront.net/imagery/assets/derivations/icon/512/512/true/eyJpZCI6ImY2OTRlZGI4NjdlNWMzZDM5NzgzMDQ0ODFkMzUxZGZiIiwic3RvcmFnZSI6InB1YmxpY19zdG9yZSJ9?signature=591b3079cb9c2407a29b3bc348eaf42dc1d34daba5c9d7aba65be654725b6719",
            "productDescription": "",
            "volume": "350ml"
        },
        "priceData": {
            "bestPrice": "4.00",
            "price": "4.00",
            "pricePerLitre": 11.428571428571429,
            "bestPricePerLitre": 11.428571428571429
        },
        "store": {
            "id": "5e7550f91db5f55ff808d021",
            "name": "Featherston"
        }
    },
    {
        "productData": {
            "name": "V Energy Drink Green Guarana 350ml",
            "productId": "v-energy-drink-green-guarana-350ml",
            "productShopPage": "https://featherston.store.supervalue.co.nz/lines/v-energy-drink-green-guarana-350ml",
            "productImageURL": "https://dtgxwmigmg3gc.cloudfront.net/imagery/assets/derivations/icon/512/512/true/eyJpZCI6IjRiNjY4ZjYxOTQ2ODYyN2MzM2NiZWMyNGUyNmIyODk4Iiwic3RvcmFnZSI6InB1YmxpY19zdG9yZSJ9?signature=4cded9cb42349eef45a593461f311b1bb7fa881295733879671ad9fe9887d30c",
            "productDescription": "",
            "volume": "350ml"
        },
        "priceData": {
            "bestPrice": "4.00",
            "price": "4.00",
            "pricePerLitre": 11.428571428571429,
            "bestPricePerLitre": 11.428571428571429
        },
        "store": {
            "id": "5e7550f91db5f55ff808d021",
            "name": "Featherston"
        }
    },
    {
        "productData": {
            "name": "V Energy Drink Guarana Can 250ml",
            "productId": "v-energy-drink-guarana-can-250ml",
            "productShopPage": "https://featherston.store.supervalue.co.nz/lines/v-energy-drink-guarana-can-250ml",
            "productImageURL": "https://dtgxwmigmg3gc.cloudfront.net/imagery/assets/derivations/icon/512/512/true/eyJpZCI6Ijc3Nzk1NjE2ZDhhNmFiMThhYzEzODYzOTg2ZmNkNzgwIiwic3RvcmFnZSI6InB1YmxpY19zdG9yZSJ9?signature=f5de1854d43e19cc62bff86893d4a55615cd916f8425a4dccd170b52eba81255",
            "productDescription": "",
            "volume": "250ml"
        },
        "priceData": {
            "bestPrice": "2.40",
            "price": "2.40",
            "pricePerLitre": 9.6,
            "bestPricePerLitre": 9.6
        },
        "store": {
            "id": "5e7550f91db5f55ff808d021",
            "name": "Featherston"
        }
    },
    {
        "productData": {
            "name": "V Energy Drink Guarana Can 500ml",
            "productId": "v-energy-drink-guarana-can-500ml",
            "productShopPage": "https://featherston.store.supervalue.co.nz/lines/v-energy-drink-guarana-can-500ml",
            "productImageURL": "https://dtgxwmigmg3gc.cloudfront.net/imagery/assets/derivations/icon/512/512/true/eyJpZCI6ImI0NjgzNGZjNDRkMjU0MjgzYzJjZGNhMzA2NWIxYjA5Iiwic3RvcmFnZSI6InB1YmxpY19zdG9yZSJ9?signature=265e8273409849423466e7623cbbdf8352940707b8830803eec391e8f32c9c5f",
            "productDescription": "",
            "volume": "500ml"
        },
        "priceData": {
            "bestPrice": "4.00",
            "price": "4.00",
            "pricePerLitre": 8.0,
            "bestPricePerLitre": 8.0
        },
        "store": {
            "id": "5e7550f91db5f55ff808d021",
            "name": "Featherston"
        }
    },
    {
        "productData": {
            "name": "V Energy Drink Raspberry Lemonade 350ml",
            "productId": "v-energy-drink-raspberry-lemonade-350ml",
            "productShopPage": "https://featherston.store.supervalue.co.nz/lines/v-energy-drink-raspberry-lemonade-350ml",
            "productImageURL": "https://dtgxwmigmg3gc.cloudfront.net/imagery/assets/derivations/icon/512/512/true/eyJpZCI6IjliNWMwMGJkN2IxYWRhY2UxNzU5NzY1ZTI4MjUzZDgyIiwic3RvcmFnZSI6InB1YmxpY19zdG9yZSJ9?signature=1813e587f3636e394a15aa9e19234f9343024a6880220b0dda0a5d69b1f1c010",
            "productDescription": "",
            "volume": "350ml"
        },
        "priceData": {
            "bestPrice": "4.00",
            "price": "4.00",
            "pricePerLitre": 11.428571428571429,
            "bestPricePerLitre": 11.428571428571429
        },
        "store": {
            "id": "5e7550f91db5f55ff808d021",
            "name": "Featherston"
        }
    },
    {
        "productData": {
            "name": "V Blue Energy Drink Bottle 500ml",
            "productId": "v-blue-energy-drink-bottle-500ml",
            "productShopPage": "https://featherston.store.supervalue.co.nz/lines/v-blue-energy-drink-bottle-500ml",
            "productImageURL": "https://dtgxwmigmg3gc.cloudfront.net/imagery/assets/derivations/icon/512/512/true/eyJpZCI6IjgyYWYxYWY4MGI4MzUxODhiYmVhZGVhM2U2NzY0MzI5Iiwic3RvcmFnZSI6InB1YmxpY19zdG9yZSJ9?signature=7e70fc576864a528a1431734d680cbf177a11b419a692dbfd34800c31b8944ec",
            "productDescription": "",
            "volume": "500ml"
        },
        "priceData": {
            "bestPrice": "2.80",
            "price": "2.80",
            "pricePerLitre": 5.6,
            "bestPricePerLitre": 5.6
        },
        "store": {
            "id": "5e7550f91db5f55ff808d021",
            "name": "Featherston"
        }
    },
    {
        "productData": {
            "name": "V Blue Sugarfree Energy Drink 500ml",
            "productId": "v-blue-sugarfree-energy-drink-500ml",
            "productShopPage": "https://featherston.store.supervalue.co.nz/lines/v-blue-sugarfree-energy-drink-500ml",
            "productImageURL": "https://dtgxwmigmg3gc.cloudfront.net/imagery/assets/derivations/icon/512/512/true/eyJpZCI6ImVmYjQyOWRmM2JjZjc3NTY1ZDIwMTEyNTY0MDdmZjA1Iiwic3RvcmFnZSI6InB1YmxpY19zdG9yZSJ9?signature=2911d59474d8305039a3be3bef0f887c38d9ab84596314b13cc4b150101175ab",
            "productDescription": "",
            "volume": "500ml"
        },
        "priceData": {
            "bestPrice": "4.00",
            "price": "4.00",
            "pricePerLitre": 8.0,
            "bestPricePerLitre": 8.0
        },
        "store": {
            "id": "5e7550f91db5f55ff808d021",
            "name": "Featherston"
        }
    },
    {
        "productData": {
            "name": "V Raspberry Lemonade Energy Drink 500ml",
            "productId": "v-energy-drink-raspberry-lemonade-500ml-can",
            "productShopPage": "https://featherston.store.supervalue.co.nz/lines/v-energy-drink-raspberry-lemonade-500ml-can",
            "productImageURL": "https://dtgxwmigmg3gc.cloudfront.net/imagery/assets/derivations/icon/512/512/true/eyJpZCI6ImE3N2Y5NzBmY2FhOWZhYmZiOTc3MmYyMzE4MGRiOTcxIiwic3RvcmFnZSI6InB1YmxpY19zdG9yZSJ9?signature=2bb7890fe6d7b0c0c6a522be31c78077be0aa570ca4c8aa5549ccf80761262dc",
            "productDescription": "",
            "volume": "500ml"
        },
        "priceData": {
            "bestPrice": "4.00",
            "price": "4.00",
            "pricePerLitre": 8.0,
            "bestPricePerLitre": 8.0
        },
        "store": {
            "id": "5e7550f91db5f55ff808d021",
            "name": "Featherston"
        }
    },
    {
        "productData": {
            "name": "V Blue Energy Drink Blue Guarana Can 250ml",
            "productId": "v-blue-energy-drink-blue-guarana-can-250ml",
            "productShopPage": "https://featherston.store.supervalue.co.nz/lines/v-blue-energy-drink-blue-guarana-can-250ml",
            "productImageURL": "https://dtgxwmigmg3gc.cloudfront.net/imagery/assets/derivations/icon/512/512/true/eyJpZCI6IjBmZjQwNDEyZWQ2ZDk4YTg3YWQ2ZDUyMWZlNjM1YzJkIiwic3RvcmFnZSI6InB1YmxpY19zdG9yZSJ9?signature=8f745abe5614ec47b3d7a07f1a34ba529184a87b2a696211ba5a0f9f29c86bf0",
            "productDescription": "",
            "volume": "250ml"
        },
        "priceData": {
            "bestPrice": "2.40",
            "price": "2.40",
            "pricePerLitre": 9.6,
            "bestPricePerLitre": 9.6
        },
        "store": {
            "id": "5e7550f91db5f55ff808d021",
            "name": "Featherston"
        }
    },
    {
        "productData": {
            "name": "V Blue Energy Drink Blue Guarana Can 500ml",
            "productId": "v-blue-energy-drink-blue-guarana-can-500ml",
            "productShopPage": "https://featherston.store.supervalue.co.nz/lines/v-blue-energy-drink-blue-guarana-can-500ml",
            "productImageURL": "https://dtgxwmigmg3gc.cloudfront.net/imagery/assets/derivations/icon/512/512/true/eyJpZCI6ImFmYjEyYjVjYTU2YWI5ZDJhMTVmNGY2MDg2NWFlNzgxIiwic3RvcmFnZSI6InB1YmxpY19zdG9yZSJ9?signature=b537a8cc5a2c0f90f1702b2c541db44c3a740a0ec4a96e92ab2d6537f9320e8d",
            "productDescription": "",
            "volume": "500ml"
        },
        "priceData": {
            "bestPrice": "4.00",
            "price": "4.00",
            "pricePerLitre": 8.0,
            "bestPricePerLitre": 8.0
        },
        "store": {
            "id": "5e7550f91db5f55ff808d021",
            "name": "Featherston"
        }
    },
    {
        "productData": {
            "name": "V Energy Drink Sugar Free Guarana Bottle 350ml",
            "productId": "v-energy-drink-sugar-free-guarana-bottle-350ml",
            "productShopPage": "https://featherston.store.supervalue.co.nz/lines/v-energy-drink-sugar-free-guarana-bottle-350ml",
            "productImageURL": "https://dtgxwmigmg3gc.cloudfront.net/imagery/assets/derivations/icon/512/512/true/eyJpZCI6ImM4MGVkZDY3Mjg5MTdjYTdhMTgxMzUxMTVkZmFlNzcxIiwic3RvcmFnZSI6InB1YmxpY19zdG9yZSJ9?signature=bfa701331e490bfdd2ed98e1c24e4f875f18a45383fc75ce599441cb0aa072cd",
            "productDescription": "",
            "volume": "350ml"
        },
        "priceData": {
            "bestPrice": "4.00",
            "price": "4.00",
            "pricePerLitre": 11.428571428571429,
            "bestPricePerLitre": 11.428571428571429
        },
        "store": {
            "id": "5e7550f91db5f55ff808d021",
            "name": "Featherston"
        }
    },
    {
        "productData": {
            "name": "Monster Super Fuel Zero Sugar 550ml",
            "productId": "monster-super-fuel-zero-sugar-550ml",
            "productShopPage": "https://featherston.store.supervalue.co.nz/lines/monster-super-fuel-zero-sugar-550ml",
            "productImageURL": "https://dtgxwmigmg3gc.cloudfront.net/imagery/assets/derivations/icon/512/512/true/eyJpZCI6IjY3MjMyNWYxY2I3ZmU0ZTA1MThmNDhjNDhlODM4MDY1Iiwic3RvcmFnZSI6InB1YmxpY19zdG9yZSJ9?signature=b7227b86ec894bac082ac13fc5cca73f6b02d9cd28e8faf04f161ef8a679b36b",
            "productDescription": "",
            "volume": "550ml"
        },
        "priceData": {
            "bestPrice": "4.70",
            "price": "4.70",
            "pricePerLitre": 8.545454545454545,
            "bestPricePerLitre": 8.545454545454545
        },
        "store": {
            "id": "5e7550f91db5f55ff808d021",
            "name": "Featherston"
        }
    },
    {
        "productData": {
            "name": "Monster Mule Energy Drink 500ml",
            "productId": "monster-mule-ginger-brew-500ml",
            "productShopPage": "https://featherston.store.supervalue.co.nz/lines/monster-mule-ginger-brew-500ml",
            "productImageURL": "https://dtgxwmigmg3gc.cloudfront.net/imagery/assets/derivations/icon/512/512/true/eyJpZCI6ImM1OTM5MTIyZTRlNmNhNzk0ODFlMDE4ZWVmMWE2Y2ZlIiwic3RvcmFnZSI6InB1YmxpY19zdG9yZSJ9?signature=5d11287f30ef58c148e37382d61c0d83097d5461683a9aa5dd9456941c1f32e5",
            "productDescription": "",
            "volume": "500ml"
        },
        "priceData": {
            "bestPrice": "3.60",
            "price": "3.60",
            "pricePerLitre": 7.2,
            "bestPricePerLitre": 7.2
        },
        "store": {
            "id": "5e7550f91db5f55ff808d021",
            "name": "Featherston"
        }
    },
    {
        "productData": {
            "name": "Monster Energy Pipeline Punch 500ml",
            "productId": "monster-energy-pipeline-punch-500ml",
            "productShopPage": "https://featherston.store.supervalue.co.nz/lines/monster-energy-pipeline-punch-500ml",
            "productImageURL": "https://dtgxwmigmg3gc.cloudfront.net/imagery/assets/derivations/icon/512/512/true/eyJpZCI6IjBhODJhZGNkMWY5YThiMWQ5ZjY0YjRjNGE0YWQwMzMxIiwic3RvcmFnZSI6InB1YmxpY19zdG9yZSJ9?signature=7a4880545cb059c8f06a41c671fb0785b7cddf3903741ed2f081d6bcf2e5189f",
            "productDescription": "",
            "volume": "500ml"
        },
        "priceData": {
            "bestPrice": "3.60",
            "price": "3.60",
            "pricePerLitre": 7.2,
            "bestPricePerLitre": 7.2
        },
        "store": {
            "id": "5e7550f91db5f55ff808d021",
            "name": "Featherston"
        }
    },
    {
        "productData": {
            "name": "Live Plus Energy Drink Citrus Flavour 500ml",
            "productId": "live-plus-persist-500ml",
            "productShopPage": "https://featherston.store.supervalue.co.nz/lines/live-plus-persist-500ml",
            "productImageURL": "https://dtgxwmigmg3gc.cloudfront.net/imagery/assets/derivations/icon/512/512/true/eyJpZCI6IjFlNWQ5YzI4OWM1N2UzNmYzZmI2NThlMDQzZTI3ZjE4Iiwic3RvcmFnZSI6InB1YmxpY19zdG9yZSJ9?signature=756b17fefe47174b90e7dbec8cd09db27f9f59f4994bc750b71256ae93ba9fa8",
            "productDescription": "",
            "volume": "500ml"
        },
        "priceData": {
            "bestPrice": "3.20",
            "price": "3.20",
            "pricePerLitre": 6.4,
            "bestPricePerLitre": 6.4
        },
        "store": {
            "id": "5e7550f91db5f55ff808d021",
            "name": "Featherston"
        }
    },
    {
        "productData": {
            "name": "Rockstar Original Energy Drink 500ml",
            "productId": "rockstar-original-energy-drink-500ml",
            "productShopPage": "https://featherston.store.supervalue.co.nz/lines/rockstar-original-energy-drink-500ml",
            "productImageURL": "https://dtgxwmigmg3gc.cloudfront.net/imagery/assets/derivations/icon/512/512/true/eyJpZCI6IjU3ZDZkYWUyNGJjNjZmNDNlOGIzY2VjNzUxMjRhMjI3Iiwic3RvcmFnZSI6InB1YmxpY19zdG9yZSJ9?signature=9188953bef1e966209f16fc8764ba247eac95345644fc57ad5992e177e099176",
            "productDescription": "",
            "volume": "500ml"
        },
        "priceData": {
            "bestPrice": "2.20",
            "price": "2.20",
            "pricePerLitre": 4.4,
            "bestPricePerLitre": 4.4
        },
        "store": {
            "id": "5e7550f91db5f55ff808d021",
            "name": "Featherston"
        }
    },
    {
        "productData": {
            "name": "Rockstar Punched Watermelon Freeze Energy Drink 500ml",
            "productId": "rockstar-punched-watermelon-freeze-energy-drink-500ml",
            "productShopPage": "https://featherston.store.supervalue.co.nz/lines/rockstar-punched-watermelon-freeze-energy-drink-500ml",
            "productImageURL": "https://dtgxwmigmg3gc.cloudfront.net/imagery/assets/derivations/icon/512/512/true/eyJpZCI6IjMwNWZiYWU5NDYxNjM1YWMwMzg2ZmE2YmEwMzI0OGE4Iiwic3RvcmFnZSI6InB1YmxpY19zdG9yZSJ9?signature=d61579883b184198e118cab26c89182157456ec573702dbaa85918994ce38a86",
            "productDescription": "",
            "volume": "500ml"
        },
        "priceData": {
            "bestPrice": "2.20",
            "price": "2.20",
            "pricePerLitre": 4.4,
            "bestPricePerLitre": 4.4
        },
        "store": {
            "id": "5e7550f91db5f55ff808d021",
            "name": "Featherston"
        }
    },
    {
        "productData": {
            "name": "Live Plus Energy Drink Sugar Free Citrus Flavour 250ml",
            "productId": "live-plus-zero-sug-citrus-500ml",
            "productShopPage": "https://featherston.store.supervalue.co.nz/lines/live-plus-zero-sug-citrus-500ml",
            "productImageURL": "https://dtgxwmigmg3gc.cloudfront.net/imagery/assets/derivations/icon/512/512/true/eyJpZCI6IjhkZGE2ODE2ZDc4Y2E5MmUxZTQ3YjAxOWExZjNlMTU5Iiwic3RvcmFnZSI6InB1YmxpY19zdG9yZSJ9?signature=ab72ec55544855bdd6eb188264cd302aac7f6bc747af365b1624653223d6953d",
            "productDescription": "",
            "volume": "250ml"
        },
        "priceData": {
            "bestPrice": "3.20",
            "price": "3.20",
            "pricePerLitre": 12.8,
            "bestPricePerLitre": 12.8
        },
        "store": {
            "id": "5e7550f91db5f55ff808d021",
            "name": "Featherston"
        }
    },
    {
        "productData": {
            "name": "Rockstar Energy Drink Blueberry Can 500ml",
            "productId": "rockstar-energy-drink-blueberry-can-500ml",
            "productShopPage": "https://featherston.store.supervalue.co.nz/lines/rockstar-energy-drink-blueberry-can-500ml",
            "productImageURL": "https://dtgxwmigmg3gc.cloudfront.net/imagery/assets/derivations/icon/512/512/true/eyJpZCI6ImI1N2Q4NGI2ZGNjM2JiNDYyNzE0MDM1NDBmNDFiMTczIiwic3RvcmFnZSI6InB1YmxpY19zdG9yZSJ9?signature=7e05418bac60cf5dc657a6490b215fa93221265cb5d03bdab391f3993e9949d7",
            "productDescription": "",
            "volume": "500ml"
        },
        "priceData": {
            "bestPrice": "2.20",
            "price": "2.20",
            "pricePerLitre": 4.4,
            "bestPricePerLitre": 4.4
        },
        "store": {
            "id": "5e7550f91db5f55ff808d021",
            "name": "Featherston"
        }
    },
    {
        "productData": {
            "name": "Live Plus Energy Drink Tart Apple Apple Flavour 250ml",
            "productId": "live-plus-energy-drink-tart-apple-apple-flavour-250ml",
            "productShopPage": "https://featherston.store.supervalue.co.nz/lines/live-plus-energy-drink-tart-apple-apple-flavour-250ml",
            "productImageURL": "https://dtgxwmigmg3gc.cloudfront.net/imagery/assets/derivations/icon/512/512/true/eyJpZCI6ImYzMGEyNDQ5YmI4YTkxZTMzNjM2ZGY3NWJlNTc2Mjg1Iiwic3RvcmFnZSI6InB1YmxpY19zdG9yZSJ9?signature=2a08b4915e71c4f4630a68f5915a1cf5b1f4bbc14de24d902f46492cc9ea7b1f",
            "productDescription": "",
            "volume": "250ml"
        },
        "priceData": {
            "bestPrice": "2.50",
            "price": "2.50",
            "pricePerLitre": 10.0,
            "bestPricePerLitre": 10.0
        },
        "store": {
            "id": "5e7550f91db5f55ff808d021",
            "name": "Featherston"
        }
    },
    {
        "productData": {
            "name": "Live Plus Energy Drink Original Cans 250ml",
            "productId": "live-plus-energy-drink-original-cans-250ml",
            "productShopPage": "https://featherston.store.supervalue.co.nz/lines/live-plus-energy-drink-original-cans-250ml",
            "productImageURL": "https://dtgxwmigmg3gc.cloudfront.net/imagery/assets/derivations/icon/512/512/true/eyJpZCI6IjJkOWMwNTExZWI5MDY3MmRhYzk2OWQzYTlmMDZlMzg4Iiwic3RvcmFnZSI6InB1YmxpY19zdG9yZSJ9?signature=ca15999b181bd95a0f396d2cd4687f7864bd189801bd1939021ec51f40f803ee",
            "productDescription": "",
            "volume": "250ml"
        },
        "priceData": {
            "bestPrice": "2.50",
            "price": "2.50",
            "pricePerLitre": 10.0,
            "bestPricePerLitre": 10.0
        },
        "store": {
            "id": "5e7550f91db5f55ff808d021",
            "name": "Featherston"
        }
    },
    {
        "productData": {
            "name": "Live Plus Energy Drink Watermelon 500ml",
            "productId": "mother-energy-drink-sugar-free-500ml",
            "productShopPage": "https://featherston.store.supervalue.co.nz/lines/mother-energy-drink-sugar-free-500ml",
            "productImageURL": "https://dtgxwmigmg3gc.cloudfront.net/imagery/assets/derivations/icon/512/512/true/eyJpZCI6Ijc5YmNmZjFmZWZlM2JjYjU3ZmZmZDJmNDJkNmIzOTc5Iiwic3RvcmFnZSI6InB1YmxpY19zdG9yZSJ9?signature=3236600f4d7ed3cb9fe7b9b50f17704107ea546e1c8e3269f3cfc49c2561d05c",
            "productDescription": "",
            "volume": "500ml"
        },
        "priceData": {
            "bestPrice": "3.20",
            "price": "3.20",
            "pricePerLitre": 6.4,
            "bestPricePerLitre": 6.4
        },
        "store": {
            "id": "5e7550f91db5f55ff808d021",
            "name": "Featherston"
        }
    },
    {
        "productData": {
            "name": "Monster Super Fuel Tropical Thunder 550ml",
            "productId": "monster-super-fuel-tropical-thunder-550ml",
            "productShopPage": "https://featherston.store.supervalue.co.nz/lines/monster-super-fuel-tropical-thunder-550ml",
            "productImageURL": "https://dtgxwmigmg3gc.cloudfront.net/imagery/assets/derivations/icon/512/512/true/eyJpZCI6ImU1MDMwZGIyMGNiOTQ2NWRlMWY3OWVkYmMxNGI4Zjg2Iiwic3RvcmFnZSI6InB1YmxpY19zdG9yZSJ9?signature=edda4faf145060b78b7a826b3d26392e4283e9f7f22cebee6de6f90f70d215de",
            "productDescription": "",
            "volume": "550ml"
        },
        "priceData": {
            "bestPrice": "4.70",
            "price": "4.70",
            "pricePerLitre": 8.545454545454545,
            "bestPricePerLitre": 8.545454545454545
        },
        "store": {
            "id": "5e7550f91db5f55ff808d021",
            "name": "Featherston"
        }
    },
    {
        "productData": {
            "name": "Monster Energy Drink Ultra Gold 500ml",
            "productId": "monster-energy-drink-ultra-gold-500ml",
            "productShopPage": "https://palomino.store.supervalue.co.nz/lines/monster-energy-drink-ultra-gold-500ml",
            "productImageURL": "https://dtgxwmigmg3gc.cloudfront.net/imagery/assets/derivations/icon/512/512/true/eyJpZCI6ImM3MmEwNWIyMjE0YTAzMjcyNzFhYjMyZTI4Zjk4MGFhIiwic3RvcmFnZSI6InB1YmxpY19zdG9yZSJ9?signature=b4f295a92992569de94ae4176268ca4a850af7b8377f28e19d8ddb65e0e09cc2",
            "productDescription": "",
            "volume": "500ml"
        },
        "priceData": {
            "bestPrice": "3.60",
            "price": "3.60",
            "pricePerLitre": 7.2,
            "bestPricePerLitre": 7.2
        },
        "store": {
            "id": "5e9e498dd7477672ed001b6a",
            "name": "Palomino"
        }
    },
    {
        "productData": {
            "name": "Mother Kicked Apple 500ml",
            "productId": "mother-kicked-apple-500ml",
            "productShopPage": "https://palomino.store.supervalue.co.nz/lines/mother-kicked-apple-500ml",
            "productImageURL": "https://dtgxwmigmg3gc.cloudfront.net/imagery/assets/derivations/icon/512/512/true/eyJpZCI6IjNhZTlkYjkwYTM4MDFjMGEwYjUwYThhMDAwYjkyZjM0Iiwic3RvcmFnZSI6InB1YmxpY19zdG9yZSJ9?signature=c1a1db0a5d7b074c388cf08560fd44a4a2b6127821554198e54eeea8474325f6",
            "productDescription": "",
            "volume": "500ml"
        },
        "priceData": {
            "bestPrice": "3.20",
            "price": "3.20",
            "pricePerLitre": 6.4,
            "bestPricePerLitre": 6.4
        },
        "store": {
            "id": "5e9e498dd7477672ed001b6a",
            "name": "Palomino"
        }
    },
    {
        "productData": {
            "name": "Monster Energy Drink Ultra Paradise 500ml",
            "productId": "monster-energy-drink-ultra-paradise-500ml",
            "productShopPage": "https://palomino.store.supervalue.co.nz/lines/monster-energy-drink-ultra-paradise-500ml",
            "productImageURL": "https://dtgxwmigmg3gc.cloudfront.net/imagery/assets/derivations/icon/512/512/true/eyJpZCI6IjU3ZTFkM2FiYTM1NTE5MjBjNGY3YWQ1MDlmN2JiM2FiIiwic3RvcmFnZSI6InB1YmxpY19zdG9yZSJ9?signature=f112dbd2da966f41ee31deb58894dec2d4e327e223dcd676069650d679f43cb5",
            "productDescription": "",
            "volume": "500ml"
        },
        "priceData": {
            "bestPrice": "3.60",
            "price": "3.60",
            "pricePerLitre": 7.2,
            "bestPricePerLitre": 7.2
        },
        "store": {
            "id": "5e9e498dd7477672ed001b6a",
            "name": "Palomino"
        }
    },
    {
        "productData": {
            "name": "Monster Energy Ultra Zero 500ml Can 500ml",
            "productId": "monster-energy-ultra-zero-500ml",
            "productShopPage": "https://palomino.store.supervalue.co.nz/lines/monster-energy-ultra-zero-500ml",
            "productImageURL": "https://dtgxwmigmg3gc.cloudfront.net/imagery/assets/derivations/icon/512/512/true/eyJpZCI6IjE2ZDZhZmVkN2M0YjVjMzRmMjExNGJhNWQyMzhlOTQ4Iiwic3RvcmFnZSI6InB1YmxpY19zdG9yZSJ9?signature=10ef7ab522a8389710a24973bac3bd88af990f17b5da987fda62632f41e72ced",
            "productDescription": "",
            "volume": "500ml"
        },
        "priceData": {
            "bestPrice": "3.60",
            "price": "3.60",
            "pricePerLitre": 7.2,
            "bestPricePerLitre": 7.2
        },
        "store": {
            "id": "5e9e498dd7477672ed001b6a",
            "name": "Palomino"
        }
    },
    {
        "productData": {
            "name": "Monster Energy Green 500ml",
            "productId": "monster-energy-green-500ml",
            "productShopPage": "https://palomino.store.supervalue.co.nz/lines/monster-energy-green-500ml",
            "productImageURL": "https://dtgxwmigmg3gc.cloudfront.net/imagery/assets/derivations/icon/512/512/true/eyJpZCI6IjdlMWQ4YzE4OWEzYjkxOWExNTNiZDRmMGNhMjA0MGFjIiwic3RvcmFnZSI6InB1YmxpY19zdG9yZSJ9?signature=7d8e276d7131e46748c715b58473be8fec7d21f3d10abd6d108f8b0cb856d4a3",
            "productDescription": "",
            "volume": "500ml"
        },
        "priceData": {
            "bestPrice": "3.60",
            "price": "3.60",
            "pricePerLitre": 7.2,
            "bestPricePerLitre": 7.2
        },
        "store": {
            "id": "5e9e498dd7477672ed001b6a",
            "name": "Palomino"
        }
    },
    {
        "productData": {
            "name": "Monster Energy Drink Ultra Rosa 500ml",
            "productId": "monster-energy-drink-ultra-rosa-500ml",
            "productShopPage": "https://palomino.store.supervalue.co.nz/lines/monster-energy-drink-ultra-rosa-500ml",
            "productImageURL": "https://dtgxwmigmg3gc.cloudfront.net/imagery/assets/derivations/icon/512/512/true/eyJpZCI6IjBmZDhiOGI4MDk3NDYzMDI0ZGQ4OTdhYTk2ZmVmMmRiIiwic3RvcmFnZSI6InB1YmxpY19zdG9yZSJ9?signature=b524829083fd581b245f26f999cd130415f1b63b346277cf6a7a0faece216093",
            "productDescription": "",
            "volume": "500ml"
        },
        "priceData": {
            "bestPrice": "3.60",
            "price": "3.60",
            "pricePerLitre": 7.2,
            "bestPricePerLitre": 7.2
        },
        "store": {
            "id": "5e9e498dd7477672ed001b6a",
            "name": "Palomino"
        }
    },
    {
        "productData": {
            "name": "Monster Energy P/Line Pnch 500ml",
            "productId": "monster-energy-p-line-pnch-500ml",
            "productShopPage": "https://palomino.store.supervalue.co.nz/lines/monster-energy-p-line-pnch-500ml",
            "productImageURL": "https://dtgxwmigmg3gc.cloudfront.net/assets/no_image-21813bc676a9e5e7c2dbd68df66f808795e994337aaf3f7ad77df8ef0450efa7.png",
            "productDescription": "",
            "volume": "500ml"
        },
        "priceData": {
            "bestPrice": "3.00",
            "price": "3.00",
            "pricePerLitre": 6.0,
            "bestPricePerLitre": 6.0
        },
        "store": {
            "id": "5e9e498dd7477672ed001b6a",
            "name": "Palomino"
        }
    },
    {
        "productData": {
            "name": "Mother Energy Drink Berry 500ml",
            "productId": "mother-energy-drink-berry-500ml",
            "productShopPage": "https://palomino.store.supervalue.co.nz/lines/mother-energy-drink-berry-500ml",
            "productImageURL": "https://dtgxwmigmg3gc.cloudfront.net/imagery/assets/derivations/icon/512/512/true/eyJpZCI6ImRhYTJlNjUzNzRjZjViNjI0ZDljNzUzNDA3YmE0ZDFkIiwic3RvcmFnZSI6InB1YmxpY19zdG9yZSJ9?signature=d9ffb465d71d599811c2ff7a788845bfe297eb3624ad7866a89cf0b3ece073f0",
            "productDescription": "",
            "volume": "500ml"
        },
        "priceData": {
            "bestPrice": "3.20",
            "price": "3.20",
            "pricePerLitre": 6.4,
            "bestPricePerLitre": 6.4
        },
        "store": {
            "id": "5e9e498dd7477672ed001b6a",
            "name": "Palomino"
        }
    },
    {
        "productData": {
            "name": "Mother Energy Drink Black 500ml",
            "productId": "mother-energy-drink-black-500ml",
            "productShopPage": "https://palomino.store.supervalue.co.nz/lines/mother-energy-drink-black-500ml",
            "productImageURL": "https://dtgxwmigmg3gc.cloudfront.net/imagery/assets/derivations/icon/512/512/true/eyJpZCI6ImYyMzA5MjhkYjg3ODFhYmYzZDU3ZjE1YjNmYzU2MWFjIiwic3RvcmFnZSI6InB1YmxpY19zdG9yZSJ9?signature=d3dbddb83d3d457075cd5d8936bef0c5b48fce4fa3fe725995d8b6d57219ceb5",
            "productDescription": "",
            "volume": "500ml"
        },
        "priceData": {
            "bestPrice": "3.20",
            "price": "3.20",
            "pricePerLitre": 6.4,
            "bestPricePerLitre": 6.4
        },
        "store": {
            "id": "5e9e498dd7477672ed001b6a",
            "name": "Palomino"
        }
    },
    {
        "productData": {
            "name": "Mother Tropical Blast 500ml",
            "productId": "mother-tropical-blast-500ml",
            "productShopPage": "https://palomino.store.supervalue.co.nz/lines/mother-tropical-blast-500ml",
            "productImageURL": "https://dtgxwmigmg3gc.cloudfront.net/imagery/assets/derivations/icon/512/512/true/eyJpZCI6IjY2ODFiOTc3MTY1OWVlZGI0YWU0ZDEwNmRkMWI3MTFmIiwic3RvcmFnZSI6InB1YmxpY19zdG9yZSJ9?signature=d1b01bfff1b3992a83da4126d87194cc3819f2c04c19ef718954650d0bb059a1",
            "productDescription": "",
            "volume": "500ml"
        },
        "priceData": {
            "bestPrice": "3.20",
            "price": "3.20",
            "pricePerLitre": 6.4,
            "bestPricePerLitre": 6.4
        },
        "store": {
            "id": "5e9e498dd7477672ed001b6a",
            "name": "Palomino"
        }
    },
    {
        "productData": {
            "name": "Mother Epic Swell Energy Drink Twisted Apple 500ml",
            "productId": "mother-epic-swell-energy-drink-twisted-apple-500ml",
            "productShopPage": "https://palomino.store.supervalue.co.nz/lines/mother-epic-swell-energy-drink-twisted-apple-500ml",
            "productImageURL": "https://dtgxwmigmg3gc.cloudfront.net/imagery/assets/derivations/icon/512/512/true/eyJpZCI6IjE3NGY3OWU3NDkwYTQ5MGE4NGFkNjYzZjVlODdjNzlmIiwic3RvcmFnZSI6InB1YmxpY19zdG9yZSJ9?signature=8b8c94eb83ff8e282e2c9309d499d02862cc0d052bea74cb186828b6e121cc4e",
            "productDescription": "",
            "volume": "500ml"
        },
        "priceData": {
            "bestPrice": "3.20",
            "price": "3.20",
            "pricePerLitre": 6.4,
            "bestPricePerLitre": 6.4
        },
        "store": {
            "id": "5e9e498dd7477672ed001b6a",
            "name": "Palomino"
        }
    },
    {
        "productData": {
            "name": "V Energy Drink 710ml Can",
            "productId": "v-energy-drink-710ml-can",
            "productShopPage": "https://palomino.store.supervalue.co.nz/lines/v-energy-drink-710ml-can",
            "productImageURL": "https://dtgxwmigmg3gc.cloudfront.net/imagery/assets/derivations/icon/512/512/true/eyJpZCI6ImU1Mjg5NDIyNDI0MzhlNGM0N2IxY2FmMmExOWQ0OGI0Iiwic3RvcmFnZSI6InB1YmxpY19zdG9yZSJ9?signature=875386458f8ad66eb59967a1ca6ad24a19d1592f97a894e439af7d9be1852340",
            "productDescription": "",
            "volume": "710ml"
        },
        "priceData": {
            "bestPrice": "3.90",
            "price": "3.90",
            "pricePerLitre": 5.492957746478873,
            "bestPricePerLitre": 5.492957746478873
        },
        "store": {
            "id": "5e9e498dd7477672ed001b6a",
            "name": "Palomino"
        }
    },
    {
        "productData": {
            "name": "V Energy Drink Guarana 500ml",
            "productId": "v-energy-drink-guarana-500ml",
            "productShopPage": "https://palomino.store.supervalue.co.nz/lines/v-energy-drink-guarana-500ml",
            "productImageURL": "https://dtgxwmigmg3gc.cloudfront.net/imagery/assets/derivations/icon/512/512/true/eyJpZCI6IjgzZDAxMjhiMzg4NmEwZmE4YTE2ZjY2NWIzNmM2NzI2Iiwic3RvcmFnZSI6InB1YmxpY19zdG9yZSJ9?signature=f55ecc561066291a4e74a967db35ea2355f881bd1708bf400fd790032384ae4f",
            "productDescription": "",
            "volume": "500ml"
        },
        "priceData": {
            "bestPrice": "2.80",
            "price": "2.80",
            "pricePerLitre": 5.6,
            "bestPricePerLitre": 5.6
        },
        "store": {
            "id": "5e9e498dd7477672ed001b6a",
            "name": "Palomino"
        }
    },
    {
        "productData": {
            "name": "V Energy Drink Sugarfree 500ml",
            "productId": "v-energy-drink-sugarfree-500ml",
            "productShopPage": "https://palomino.store.supervalue.co.nz/lines/v-energy-drink-sugarfree-500ml",
            "productImageURL": "https://dtgxwmigmg3gc.cloudfront.net/imagery/assets/derivations/icon/512/512/true/eyJpZCI6ImVkZTAxNTNmMDI1NmU1NDZjNWQ5MTc3MjE3ZTQ3YTQ0Iiwic3RvcmFnZSI6InB1YmxpY19zdG9yZSJ9?signature=abcf72d9faa9ee3044eaa3b7ee0bf9b4fd8f582379018d8727f2234b7d3f3c85",
            "productDescription": "",
            "volume": "500ml"
        },
        "priceData": {
            "bestPrice": "2.80",
            "price": "2.80",
            "pricePerLitre": 5.6,
            "bestPricePerLitre": 5.6
        },
        "store": {
            "id": "5e9e498dd7477672ed001b6a",
            "name": "Palomino"
        }
    },
    {
        "productData": {
            "name": "V Energy Drink Sugar Free Guarana 250ml",
            "productId": "v-energy-drink-sugar-free-guarana-250ml",
            "productShopPage": "https://palomino.store.supervalue.co.nz/lines/v-energy-drink-sugar-free-guarana-250ml",
            "productImageURL": "https://dtgxwmigmg3gc.cloudfront.net/imagery/assets/derivations/icon/512/512/true/eyJpZCI6ImZiNzM1NmU4NTMyZDllODlkZTljZmNlOGY2MzQ5NGQwIiwic3RvcmFnZSI6InB1YmxpY19zdG9yZSJ9?signature=72b0ce0a48ca796717c115fe5e8b4564501470f63bf80ae865d26e9d131a2b8c",
            "productDescription": "",
            "volume": "250ml"
        },
        "priceData": {
            "bestPrice": "2.40",
            "price": "2.40",
            "pricePerLitre": 9.6,
            "bestPricePerLitre": 9.6
        },
        "store": {
            "id": "5e9e498dd7477672ed001b6a",
            "name": "Palomino"
        }
    },
    {
        "productData": {
            "name": "V Energy Drink Blue Guarana Spritzed 350ml",
            "productId": "v-blue-energy-drink-blue-guarana-spritzed-350ml",
            "productShopPage": "https://palomino.store.supervalue.co.nz/lines/v-blue-energy-drink-blue-guarana-spritzed-350ml",
            "productImageURL": "https://dtgxwmigmg3gc.cloudfront.net/imagery/assets/derivations/icon/512/512/true/eyJpZCI6ImY2OTRlZGI4NjdlNWMzZDM5NzgzMDQ0ODFkMzUxZGZiIiwic3RvcmFnZSI6InB1YmxpY19zdG9yZSJ9?signature=591b3079cb9c2407a29b3bc348eaf42dc1d34daba5c9d7aba65be654725b6719",
            "productDescription": "",
            "volume": "350ml"
        },
        "priceData": {
            "bestPrice": "4.00",
            "price": "4.00",
            "pricePerLitre": 11.428571428571429,
            "bestPricePerLitre": 11.428571428571429
        },
        "store": {
            "id": "5e9e498dd7477672ed001b6a",
            "name": "Palomino"
        }
    },
    {
        "productData": {
            "name": "V Energy Drink Green Guarana 350ml",
            "productId": "v-energy-drink-green-guarana-350ml",
            "productShopPage": "https://palomino.store.supervalue.co.nz/lines/v-energy-drink-green-guarana-350ml",
            "productImageURL": "https://dtgxwmigmg3gc.cloudfront.net/imagery/assets/derivations/icon/512/512/true/eyJpZCI6IjRiNjY4ZjYxOTQ2ODYyN2MzM2NiZWMyNGUyNmIyODk4Iiwic3RvcmFnZSI6InB1YmxpY19zdG9yZSJ9?signature=4cded9cb42349eef45a593461f311b1bb7fa881295733879671ad9fe9887d30c",
            "productDescription": "",
            "volume": "350ml"
        },
        "priceData": {
            "bestPrice": "4.00",
            "price": "4.00",
            "pricePerLitre": 11.428571428571429,
            "bestPricePerLitre": 11.428571428571429
        },
        "store": {
            "id": "5e9e498dd7477672ed001b6a",
            "name": "Palomino"
        }
    },
    {
        "productData": {
            "name": "V Energy Drink Guarana Can 250ml",
            "productId": "v-energy-drink-guarana-can-250ml",
            "productShopPage": "https://palomino.store.supervalue.co.nz/lines/v-energy-drink-guarana-can-250ml",
            "productImageURL": "https://dtgxwmigmg3gc.cloudfront.net/imagery/assets/derivations/icon/512/512/true/eyJpZCI6Ijc3Nzk1NjE2ZDhhNmFiMThhYzEzODYzOTg2ZmNkNzgwIiwic3RvcmFnZSI6InB1YmxpY19zdG9yZSJ9?signature=f5de1854d43e19cc62bff86893d4a55615cd916f8425a4dccd170b52eba81255",
            "productDescription": "",
            "volume": "250ml"
        },
        "priceData": {
            "bestPrice": "2.40",
            "price": "2.40",
            "pricePerLitre": 9.6,
            "bestPricePerLitre": 9.6
        },
        "store": {
            "id": "5e9e498dd7477672ed001b6a",
            "name": "Palomino"
        }
    },
    {
        "productData": {
            "name": "V Energy Drink Guarana Can 500ml",
            "productId": "v-energy-drink-guarana-can-500ml",
            "productShopPage": "https://palomino.store.supervalue.co.nz/lines/v-energy-drink-guarana-can-500ml",
            "productImageURL": "https://dtgxwmigmg3gc.cloudfront.net/imagery/assets/derivations/icon/512/512/true/eyJpZCI6ImI0NjgzNGZjNDRkMjU0MjgzYzJjZGNhMzA2NWIxYjA5Iiwic3RvcmFnZSI6InB1YmxpY19zdG9yZSJ9?signature=265e8273409849423466e7623cbbdf8352940707b8830803eec391e8f32c9c5f",
            "productDescription": "",
            "volume": "500ml"
        },
        "priceData": {
            "bestPrice": "4.00",
            "price": "4.00",
            "pricePerLitre": 8.0,
            "bestPricePerLitre": 8.0
        },
        "store": {
            "id": "5e9e498dd7477672ed001b6a",
            "name": "Palomino"
        }
    },
    {
        "productData": {
            "name": "V Energy Drink Raspberry Lemonade 350ml",
            "productId": "v-energy-drink-raspberry-lemonade-350ml",
            "productShopPage": "https://palomino.store.supervalue.co.nz/lines/v-energy-drink-raspberry-lemonade-350ml",
            "productImageURL": "https://dtgxwmigmg3gc.cloudfront.net/imagery/assets/derivations/icon/512/512/true/eyJpZCI6IjliNWMwMGJkN2IxYWRhY2UxNzU5NzY1ZTI4MjUzZDgyIiwic3RvcmFnZSI6InB1YmxpY19zdG9yZSJ9?signature=1813e587f3636e394a15aa9e19234f9343024a6880220b0dda0a5d69b1f1c010",
            "productDescription": "",
            "volume": "350ml"
        },
        "priceData": {
            "bestPrice": "4.00",
            "price": "4.00",
            "pricePerLitre": 11.428571428571429,
            "bestPricePerLitre": 11.428571428571429
        },
        "store": {
            "id": "5e9e498dd7477672ed001b6a",
            "name": "Palomino"
        }
    },
    {
        "productData": {
            "name": "V Energy Drink Sugar Free Guarana 500ml",
            "productId": "v-energy-drink-sugar-free-guarana-500ml",
            "productShopPage": "https://palomino.store.supervalue.co.nz/lines/v-energy-drink-sugar-free-guarana-500ml",
            "productImageURL": "https://dtgxwmigmg3gc.cloudfront.net/imagery/assets/derivations/icon/512/512/true/eyJpZCI6Ijg4MGExMDYxOTY4NTJiYzM1ZTExMmU2MGE2OWYxNDE3Iiwic3RvcmFnZSI6InB1YmxpY19zdG9yZSJ9?signature=b0536d25b9da8158705e24c88e21fabbf85c1dabc19f18108c386e956ffd7045",
            "productDescription": "",
            "volume": "500ml"
        },
        "priceData": {
            "bestPrice": "4.00",
            "price": "4.00",
            "pricePerLitre": 8.0,
            "bestPricePerLitre": 8.0
        },
        "store": {
            "id": "5e9e498dd7477672ed001b6a",
            "name": "Palomino"
        }
    },
    {
        "productData": {
            "name": "V Blue Energy Drink Bottle 500ml",
            "productId": "v-blue-energy-drink-bottle-500ml",
            "productShopPage": "https://palomino.store.supervalue.co.nz/lines/v-blue-energy-drink-bottle-500ml",
            "productImageURL": "https://dtgxwmigmg3gc.cloudfront.net/imagery/assets/derivations/icon/512/512/true/eyJpZCI6IjgyYWYxYWY4MGI4MzUxODhiYmVhZGVhM2U2NzY0MzI5Iiwic3RvcmFnZSI6InB1YmxpY19zdG9yZSJ9?signature=7e70fc576864a528a1431734d680cbf177a11b419a692dbfd34800c31b8944ec",
            "productDescription": "",
            "volume": "500ml"
        },
        "priceData": {
            "bestPrice": "2.80",
            "price": "2.80",
            "pricePerLitre": 5.6,
            "bestPricePerLitre": 5.6
        },
        "store": {
            "id": "5e9e498dd7477672ed001b6a",
            "name": "Palomino"
        }
    },
    {
        "productData": {
            "name": "V Raspberry Lemonade Energy Drink 500ml",
            "productId": "v-energy-drink-raspberry-lemonade-500ml-can",
            "productShopPage": "https://palomino.store.supervalue.co.nz/lines/v-energy-drink-raspberry-lemonade-500ml-can",
            "productImageURL": "https://dtgxwmigmg3gc.cloudfront.net/imagery/assets/derivations/icon/512/512/true/eyJpZCI6ImE3N2Y5NzBmY2FhOWZhYmZiOTc3MmYyMzE4MGRiOTcxIiwic3RvcmFnZSI6InB1YmxpY19zdG9yZSJ9?signature=2bb7890fe6d7b0c0c6a522be31c78077be0aa570ca4c8aa5549ccf80761262dc",
            "productDescription": "",
            "volume": "500ml"
        },
        "priceData": {
            "bestPrice": "4.00",
            "price": "4.00",
            "pricePerLitre": 8.0,
            "bestPricePerLitre": 8.0
        },
        "store": {
            "id": "5e9e498dd7477672ed001b6a",
            "name": "Palomino"
        }
    },
    {
        "productData": {
            "name": "V Blue Energy Drink Blue Guarana Can 250ml",
            "productId": "v-blue-energy-drink-blue-guarana-can-250ml",
            "productShopPage": "https://palomino.store.supervalue.co.nz/lines/v-blue-energy-drink-blue-guarana-can-250ml",
            "productImageURL": "https://dtgxwmigmg3gc.cloudfront.net/imagery/assets/derivations/icon/512/512/true/eyJpZCI6IjBmZjQwNDEyZWQ2ZDk4YTg3YWQ2ZDUyMWZlNjM1YzJkIiwic3RvcmFnZSI6InB1YmxpY19zdG9yZSJ9?signature=8f745abe5614ec47b3d7a07f1a34ba529184a87b2a696211ba5a0f9f29c86bf0",
            "productDescription": "",
            "volume": "250ml"
        },
        "priceData": {
            "bestPrice": "2.40",
            "price": "2.40",
            "pricePerLitre": 9.6,
            "bestPricePerLitre": 9.6
        },
        "store": {
            "id": "5e9e498dd7477672ed001b6a",
            "name": "Palomino"
        }
    },
    {
        "productData": {
            "name": "V Blue Energy Drink Blue Guarana Can 500ml",
            "productId": "v-blue-energy-drink-blue-guarana-can-500ml",
            "productShopPage": "https://palomino.store.supervalue.co.nz/lines/v-blue-energy-drink-blue-guarana-can-500ml",
            "productImageURL": "https://dtgxwmigmg3gc.cloudfront.net/imagery/assets/derivations/icon/512/512/true/eyJpZCI6ImFmYjEyYjVjYTU2YWI5ZDJhMTVmNGY2MDg2NWFlNzgxIiwic3RvcmFnZSI6InB1YmxpY19zdG9yZSJ9?signature=b537a8cc5a2c0f90f1702b2c541db44c3a740a0ec4a96e92ab2d6537f9320e8d",
            "productDescription": "",
            "volume": "500ml"
        },
        "priceData": {
            "bestPrice": "4.00",
            "price": "4.00",
            "pricePerLitre": 8.0,
            "bestPricePerLitre": 8.0
        },
        "store": {
            "id": "5e9e498dd7477672ed001b6a",
            "name": "Palomino"
        }
    },
    {
        "productData": {
            "name": "V Energy Drink Sugar Free Guarana Bottle 350ml",
            "productId": "v-energy-drink-sugar-free-guarana-bottle-350ml",
            "productShopPage": "https://palomino.store.supervalue.co.nz/lines/v-energy-drink-sugar-free-guarana-bottle-350ml",
            "productImageURL": "https://dtgxwmigmg3gc.cloudfront.net/imagery/assets/derivations/icon/512/512/true/eyJpZCI6ImM4MGVkZDY3Mjg5MTdjYTdhMTgxMzUxMTVkZmFlNzcxIiwic3RvcmFnZSI6InB1YmxpY19zdG9yZSJ9?signature=bfa701331e490bfdd2ed98e1c24e4f875f18a45383fc75ce599441cb0aa072cd",
            "productDescription": "",
            "volume": "350ml"
        },
        "priceData": {
            "bestPrice": "4.00",
            "price": "4.00",
            "pricePerLitre": 11.428571428571429,
            "bestPricePerLitre": 11.428571428571429
        },
        "store": {
            "id": "5e9e498dd7477672ed001b6a",
            "name": "Palomino"
        }
    },
    {
        "productData": {
            "name": "V Pure Energy Drink Bottle 330ml",
            "productId": "v-pure-330ml-bottle",
            "productShopPage": "https://palomino.store.supervalue.co.nz/lines/v-pure-330ml-bottle",
            "productImageURL": "https://dtgxwmigmg3gc.cloudfront.net/imagery/assets/derivations/icon/512/512/true/eyJpZCI6ImFjZmFlNGE1MmQ1ZmNhOTVhN2IyNzdhOGQ3ZTBjNTY0Iiwic3RvcmFnZSI6InB1YmxpY19zdG9yZSJ9?signature=ff03797de044ef70d02854192249a79b3cd819353c7171ef7358378e76bfc089",
            "productDescription": "",
            "volume": "330ml"
        },
        "priceData": {
            "bestPrice": "3.99",
            "price": "3.99",
            "pricePerLitre": 12.090909090909092,
            "bestPricePerLitre": 12.090909090909092
        },
        "store": {
            "id": "5e9e498dd7477672ed001b6a",
            "name": "Palomino"
        }
    },
    {
        "productData": {
            "name": "Monster Mule Energy Drink 500ml",
            "productId": "monster-mule-ginger-brew-500ml",
            "productShopPage": "https://palomino.store.supervalue.co.nz/lines/monster-mule-ginger-brew-500ml",
            "productImageURL": "https://dtgxwmigmg3gc.cloudfront.net/imagery/assets/derivations/icon/512/512/true/eyJpZCI6ImM1OTM5MTIyZTRlNmNhNzk0ODFlMDE4ZWVmMWE2Y2ZlIiwic3RvcmFnZSI6InB1YmxpY19zdG9yZSJ9?signature=5d11287f30ef58c148e37382d61c0d83097d5461683a9aa5dd9456941c1f32e5",
            "productDescription": "",
            "volume": "500ml"
        },
        "priceData": {
            "bestPrice": "3.60",
            "price": "3.60",
            "pricePerLitre": 7.2,
            "bestPricePerLitre": 7.2
        },
        "store": {
            "id": "5e9e498dd7477672ed001b6a",
            "name": "Palomino"
        }
    },
    {
        "productData": {
            "name": "Monster Energy Pipeline Punch 500ml",
            "productId": "monster-energy-pipeline-punch-500ml",
            "productShopPage": "https://palomino.store.supervalue.co.nz/lines/monster-energy-pipeline-punch-500ml",
            "productImageURL": "https://dtgxwmigmg3gc.cloudfront.net/imagery/assets/derivations/icon/512/512/true/eyJpZCI6IjBhODJhZGNkMWY5YThiMWQ5ZjY0YjRjNGE0YWQwMzMxIiwic3RvcmFnZSI6InB1YmxpY19zdG9yZSJ9?signature=7a4880545cb059c8f06a41c671fb0785b7cddf3903741ed2f081d6bcf2e5189f",
            "productDescription": "",
            "volume": "500ml"
        },
        "priceData": {
            "bestPrice": "3.60",
            "price": "3.60",
            "pricePerLitre": 7.2,
            "bestPricePerLitre": 7.2
        },
        "store": {
            "id": "5e9e498dd7477672ed001b6a",
            "name": "Palomino"
        }
    },
    {
        "productData": {
            "name": "Live Plus Energy Drink Citrus Flavour 500ml",
            "productId": "live-plus-persist-500ml",
            "productShopPage": "https://palomino.store.supervalue.co.nz/lines/live-plus-persist-500ml",
            "productImageURL": "https://dtgxwmigmg3gc.cloudfront.net/imagery/assets/derivations/icon/512/512/true/eyJpZCI6IjFlNWQ5YzI4OWM1N2UzNmYzZmI2NThlMDQzZTI3ZjE4Iiwic3RvcmFnZSI6InB1YmxpY19zdG9yZSJ9?signature=756b17fefe47174b90e7dbec8cd09db27f9f59f4994bc750b71256ae93ba9fa8",
            "productDescription": "",
            "volume": "500ml"
        },
        "priceData": {
            "bestPrice": "3.20",
            "price": "3.20",
            "pricePerLitre": 6.4,
            "bestPricePerLitre": 6.4
        },
        "store": {
            "id": "5e9e498dd7477672ed001b6a",
            "name": "Palomino"
        }
    },
    {
        "productData": {
            "name": "Live Plus Energy Drink Original Citrus Flavour 355ml",
            "productId": "live-plus-persist-glass-355ml",
            "productShopPage": "https://palomino.store.supervalue.co.nz/lines/live-plus-persist-glass-355ml",
            "productImageURL": "https://dtgxwmigmg3gc.cloudfront.net/imagery/assets/derivations/icon/512/512/true/eyJpZCI6ImYzMjZlMTdmMmI5ZGRjZGYzYmFmNzNiMWQzN2Y5NDI4Iiwic3RvcmFnZSI6InB1YmxpY19zdG9yZSJ9?signature=8fa31eb2b309e9c7a293ba2e7a7541e3cdc686b1d3f519044aa97c666ae5f630",
            "productDescription": "",
            "volume": "355ml"
        },
        "priceData": {
            "bestPrice": "2.20",
            "price": "2.20",
            "pricePerLitre": 6.197183098591549,
            "bestPricePerLitre": 6.197183098591549
        },
        "store": {
            "id": "5e9e498dd7477672ed001b6a",
            "name": "Palomino"
        }
    },
    {
        "productData": {
            "name": "Rockstar Original Energy Drink 500ml",
            "productId": "rockstar-original-energy-drink-500ml",
            "productShopPage": "https://palomino.store.supervalue.co.nz/lines/rockstar-original-energy-drink-500ml",
            "productImageURL": "https://dtgxwmigmg3gc.cloudfront.net/imagery/assets/derivations/icon/512/512/true/eyJpZCI6IjU3ZDZkYWUyNGJjNjZmNDNlOGIzY2VjNzUxMjRhMjI3Iiwic3RvcmFnZSI6InB1YmxpY19zdG9yZSJ9?signature=9188953bef1e966209f16fc8764ba247eac95345644fc57ad5992e177e099176",
            "productDescription": "",
            "volume": "500ml"
        },
        "priceData": {
            "bestPrice": "2.20",
            "price": "2.20",
            "pricePerLitre": 4.4,
            "bestPricePerLitre": 4.4
        },
        "store": {
            "id": "5e9e498dd7477672ed001b6a",
            "name": "Palomino"
        }
    },
    {
        "productData": {
            "name": "Rockstar Punched Energy Guava 500ml",
            "productId": "rockstar-punched-energy-guava-500ml",
            "productShopPage": "https://palomino.store.supervalue.co.nz/lines/rockstar-punched-energy-guava-500ml",
            "productImageURL": "https://dtgxwmigmg3gc.cloudfront.net/imagery/assets/derivations/icon/512/512/true/eyJpZCI6ImEzMDQwMDA1ZTlmNTRmNTczMTYzMDE1Yjk2NTFmZDIxIiwic3RvcmFnZSI6InB1YmxpY19zdG9yZSJ9?signature=bfb6b62e0f648da1212eb37234f40b47cf3251c956e2d837473e2acee3a5a4ef",
            "productDescription": "",
            "volume": "500ml"
        },
        "priceData": {
            "bestPrice": "2.20",
            "price": "2.20",
            "pricePerLitre": 4.4,
            "bestPricePerLitre": 4.4
        },
        "store": {
            "id": "5e9e498dd7477672ed001b6a",
            "name": "Palomino"
        }
    },
    {
        "productData": {
            "name": "Monster Ultra Fiesta Energy 500ml",
            "productId": "monster-ultra-fiesta-energy-500ml",
            "productShopPage": "https://palomino.store.supervalue.co.nz/lines/monster-ultra-fiesta-energy-500ml",
            "productImageURL": "https://dtgxwmigmg3gc.cloudfront.net/imagery/assets/derivations/icon/512/512/true/eyJpZCI6Ijg5N2U0MTUxNjJmNzU3MDA2MjQ3MGU2OWU5NWVhMzY2LmpwZyIsInN0b3JhZ2UiOiJwdWJsaWNfc3RvcmUifQ?signature=b5e95acb1f97789b134681678c5ac2a1847e8d33e7fad84f9ec384b4f5b59496",
            "productDescription": "",
            "volume": "500ml"
        },
        "priceData": {
            "bestPrice": "3.60",
            "price": "3.60",
            "pricePerLitre": 7.2,
            "bestPricePerLitre": 7.2
        },
        "store": {
            "id": "5e9e498dd7477672ed001b6a",
            "name": "Palomino"
        }
    },
    {
        "productData": {
            "name": "Rockstar Energy Drink Blueberry Can 500ml",
            "productId": "rockstar-energy-drink-blueberry-can-500ml",
            "productShopPage": "https://palomino.store.supervalue.co.nz/lines/rockstar-energy-drink-blueberry-can-500ml",
            "productImageURL": "https://dtgxwmigmg3gc.cloudfront.net/imagery/assets/derivations/icon/512/512/true/eyJpZCI6ImI1N2Q4NGI2ZGNjM2JiNDYyNzE0MDM1NDBmNDFiMTczIiwic3RvcmFnZSI6InB1YmxpY19zdG9yZSJ9?signature=7e05418bac60cf5dc657a6490b215fa93221265cb5d03bdab391f3993e9949d7",
            "productDescription": "",
            "volume": "500ml"
        },
        "priceData": {
            "bestPrice": "2.20",
            "price": "2.20",
            "pricePerLitre": 4.4,
            "bestPricePerLitre": 4.4
        },
        "store": {
            "id": "5e9e498dd7477672ed001b6a",
            "name": "Palomino"
        }
    },
    {
        "productData": {
            "name": "Musashi Energy Drink Blue Raspberry 500ml",
            "productId": "musashi-energy-drink-blue-raspberry-500ml",
            "productShopPage": "https://palomino.store.supervalue.co.nz/lines/musashi-energy-drink-blue-raspberry-500ml",
            "productImageURL": "https://dtgxwmigmg3gc.cloudfront.net/imagery/assets/derivations/icon/512/512/true/eyJpZCI6IjE5MzNlYTI1Mjk2MTRjZTgwNmE0YThiZTU2NmRhMGI1Iiwic3RvcmFnZSI6InB1YmxpY19zdG9yZSJ9?signature=6f2e80fb21b91bb7d7f6ae2f6d711d7b645a3490600386d066f024d673ee01e2",
            "productDescription": "",
            "volume": "500ml"
        },
        "priceData": {
            "bestPrice": "3.50",
            "price": "3.50",
            "pricePerLitre": 7.0,
            "bestPricePerLitre": 7.0
        },
        "store": {
            "id": "5e9e498dd7477672ed001b6a",
            "name": "Palomino"
        }
    },
    {
        "productData": {
            "name": "Musashi Energy Drink Fruit Crush 500ml",
            "productId": "musashi-energy-drink-fruit-crush-500ml",
            "productShopPage": "https://palomino.store.supervalue.co.nz/lines/musashi-energy-drink-fruit-crush-500ml",
            "productImageURL": "https://dtgxwmigmg3gc.cloudfront.net/imagery/assets/derivations/icon/512/512/true/eyJpZCI6IjExMTJjZTJlMjEyYjI4NTgwZjE0ZGZlYjE5MTgzNTQ5Iiwic3RvcmFnZSI6InB1YmxpY19zdG9yZSJ9?signature=249030276f0de6f4760c079da56b20c58d0b82a78f36efe8fd80f2bbe4aed7d4",
            "productDescription": "",
            "volume": "500ml"
        },
        "priceData": {
            "bestPrice": "3.50",
            "price": "3.50",
            "pricePerLitre": 7.0,
            "bestPricePerLitre": 7.0
        },
        "store": {
            "id": "5e9e498dd7477672ed001b6a",
            "name": "Palomino"
        }
    },
    {
        "productData": {
            "name": "Musashi Energy Drink Purple Grape 500ml",
            "productId": "musashi-energy-drink-purple-grape-500ml",
            "productShopPage": "https://palomino.store.supervalue.co.nz/lines/musashi-energy-drink-purple-grape-500ml",
            "productImageURL": "https://dtgxwmigmg3gc.cloudfront.net/imagery/assets/derivations/icon/512/512/true/eyJpZCI6IjkxZGM0ODYyYmZhNGViMTkwM2U4MTYzM2FiMDYzMDdlIiwic3RvcmFnZSI6InB1YmxpY19zdG9yZSJ9?signature=d6ff84062f4b227aaf76b6e0be9ec9742734bc67867684146ce6624e4bcef6bd",
            "productDescription": "",
            "volume": "500ml"
        },
        "priceData": {
            "bestPrice": "3.50",
            "price": "3.50",
            "pricePerLitre": 7.0,
            "bestPricePerLitre": 7.0
        },
        "store": {
            "id": "5e9e498dd7477672ed001b6a",
            "name": "Palomino"
        }
    },
    {
        "productData": {
            "name": "V Refresh Energy Drink Citrus Lemonade 500ml Can 500ml",
            "productId": "v-refresh-energy-drink-citrus-lemonade-500ml-can-500ml",
            "productShopPage": "https://parkwood.store.supervalue.co.nz/lines/v-refresh-energy-drink-citrus-lemonade-500ml-can-500ml",
            "productImageURL": "https://dtgxwmigmg3gc.cloudfront.net/imagery/assets/derivations/icon/512/512/true/eyJpZCI6IjVlN2QyZDg4OTlkNWVhZDc1OTM3YzEwZDgwOTg1NjJmIiwic3RvcmFnZSI6InB1YmxpY19zdG9yZSJ9?signature=35586a0457373f804173605ba7f35fb0b256a119e67175911e869a6f42785c11",
            "productDescription": "",
            "volume": "500ml"
        },
        "priceData": {
            "bestPrice": "3.30",
            "price": "3.30",
            "pricePerLitre": 6.6,
            "bestPricePerLitre": 6.6
        },
        "store": {
            "id": "5e9e4b45d747762a6a00bef1",
            "name": "Parkwood"
        }
    },
    {
        "productData": {
            "name": "V Refresh Energy Drink Pineapple Watermelon 500ml Can 500ml",
            "productId": "v-refresh-energy-drink-pineapple-watermelon-500ml-can-500ml",
            "productShopPage": "https://parkwood.store.supervalue.co.nz/lines/v-refresh-energy-drink-pineapple-watermelon-500ml-can-500ml",
            "productImageURL": "https://dtgxwmigmg3gc.cloudfront.net/imagery/assets/derivations/icon/512/512/true/eyJpZCI6IjgzMTBmY2EwMzFkODkxOTAxNDFmYWNhMjZhZmFlZTI0Iiwic3RvcmFnZSI6InB1YmxpY19zdG9yZSJ9?signature=2062a73b018e86e0e6858a08c9fea597971ea894ef5eee6cfb310bcaa3201c6f",
            "productDescription": "",
            "volume": "500ml"
        },
        "priceData": {
            "bestPrice": "3.30",
            "price": "3.30",
            "pricePerLitre": 6.6,
            "bestPricePerLitre": 6.6
        },
        "store": {
            "id": "5e9e4b45d747762a6a00bef1",
            "name": "Parkwood"
        }
    },
    {
        "productData": {
            "name": "Monster Energy Drink Ultra Gold 500ml",
            "productId": "monster-energy-drink-ultra-gold-500ml",
            "productShopPage": "https://parkwood.store.supervalue.co.nz/lines/monster-energy-drink-ultra-gold-500ml",
            "productImageURL": "https://dtgxwmigmg3gc.cloudfront.net/imagery/assets/derivations/icon/512/512/true/eyJpZCI6ImM3MmEwNWIyMjE0YTAzMjcyNzFhYjMyZTI4Zjk4MGFhIiwic3RvcmFnZSI6InB1YmxpY19zdG9yZSJ9?signature=b4f295a92992569de94ae4176268ca4a850af7b8377f28e19d8ddb65e0e09cc2",
            "productDescription": "",
            "volume": "500ml"
        },
        "priceData": {
            "bestPrice": "3.60",
            "price": "3.60",
            "pricePerLitre": 7.2,
            "bestPricePerLitre": 7.2
        },
        "store": {
            "id": "5e9e4b45d747762a6a00bef1",
            "name": "Parkwood"
        }
    },
    {
        "productData": {
            "name": "Mother Kicked Apple 500ml",
            "productId": "mother-kicked-apple-500ml",
            "productShopPage": "https://parkwood.store.supervalue.co.nz/lines/mother-kicked-apple-500ml",
            "productImageURL": "https://dtgxwmigmg3gc.cloudfront.net/imagery/assets/derivations/icon/512/512/true/eyJpZCI6IjNhZTlkYjkwYTM4MDFjMGEwYjUwYThhMDAwYjkyZjM0Iiwic3RvcmFnZSI6InB1YmxpY19zdG9yZSJ9?signature=c1a1db0a5d7b074c388cf08560fd44a4a2b6127821554198e54eeea8474325f6",
            "productDescription": "",
            "volume": "500ml"
        },
        "priceData": {
            "bestPrice": "3.20",
            "price": "3.20",
            "pricePerLitre": 6.4,
            "bestPricePerLitre": 6.4
        },
        "store": {
            "id": "5e9e4b45d747762a6a00bef1",
            "name": "Parkwood"
        }
    },
    {
        "productData": {
            "name": "Monster Energy Import 550ml",
            "productId": "monster-energy-import-550ml",
            "productShopPage": "https://parkwood.store.supervalue.co.nz/lines/monster-energy-import-550ml",
            "productImageURL": "https://dtgxwmigmg3gc.cloudfront.net/imagery/assets/derivations/icon/512/512/true/eyJpZCI6IjA2NGMxOGY0ZGZmNTVlMTNmNzA4ZjMxMWMyNGZjZjAyIiwic3RvcmFnZSI6InB1YmxpY19zdG9yZSJ9?signature=0b55cb185296dc7565fe1f5b72fcfd3d848728a98d940d66324e3ac86e1d833a",
            "productDescription": "",
            "volume": "550ml"
        },
        "priceData": {
            "bestPrice": "4.30",
            "price": "4.30",
            "pricePerLitre": 7.8181818181818175,
            "bestPricePerLitre": 7.8181818181818175
        },
        "store": {
            "id": "5e9e4b45d747762a6a00bef1",
            "name": "Parkwood"
        }
    },
    {
        "productData": {
            "name": "Monster Energy Ultra Zero 500ml Can 500ml",
            "productId": "monster-energy-ultra-zero-500ml",
            "productShopPage": "https://parkwood.store.supervalue.co.nz/lines/monster-energy-ultra-zero-500ml",
            "productImageURL": "https://dtgxwmigmg3gc.cloudfront.net/imagery/assets/derivations/icon/512/512/true/eyJpZCI6IjE2ZDZhZmVkN2M0YjVjMzRmMjExNGJhNWQyMzhlOTQ4Iiwic3RvcmFnZSI6InB1YmxpY19zdG9yZSJ9?signature=10ef7ab522a8389710a24973bac3bd88af990f17b5da987fda62632f41e72ced",
            "productDescription": "",
            "volume": "500ml"
        },
        "priceData": {
            "bestPrice": "3.60",
            "price": "3.60",
            "pricePerLitre": 7.2,
            "bestPricePerLitre": 7.2
        },
        "store": {
            "id": "5e9e4b45d747762a6a00bef1",
            "name": "Parkwood"
        }
    },
    {
        "productData": {
            "name": "Monster Energy Green 500ml",
            "productId": "monster-energy-green-500ml",
            "productShopPage": "https://parkwood.store.supervalue.co.nz/lines/monster-energy-green-500ml",
            "productImageURL": "https://dtgxwmigmg3gc.cloudfront.net/imagery/assets/derivations/icon/512/512/true/eyJpZCI6IjA2ZTdhN2Y1NWUxNjJiNDVhZTUzZWI2OTc4YThlMTYzIiwic3RvcmFnZSI6InB1YmxpY19zdG9yZSJ9?signature=8257328849276057c7b77a9c76691580f7fdb61d49af913328da323dc4d13f0e",
            "productDescription": "",
            "volume": "500ml"
        },
        "priceData": {
            "bestPrice": "3.60",
            "price": "3.60",
            "pricePerLitre": 7.2,
            "bestPricePerLitre": 7.2
        },
        "store": {
            "id": "5e9e4b45d747762a6a00bef1",
            "name": "Parkwood"
        }
    },
    {
        "productData": {
            "name": "Monster Energy Drink Ultra Rosa 500ml",
            "productId": "monster-energy-drink-ultra-rosa-500ml",
            "productShopPage": "https://parkwood.store.supervalue.co.nz/lines/monster-energy-drink-ultra-rosa-500ml",
            "productImageURL": "https://dtgxwmigmg3gc.cloudfront.net/imagery/assets/derivations/icon/512/512/true/eyJpZCI6IjBmZDhiOGI4MDk3NDYzMDI0ZGQ4OTdhYTk2ZmVmMmRiIiwic3RvcmFnZSI6InB1YmxpY19zdG9yZSJ9?signature=b524829083fd581b245f26f999cd130415f1b63b346277cf6a7a0faece216093",
            "productDescription": "",
            "volume": "500ml"
        },
        "priceData": {
            "bestPrice": "3.60",
            "price": "3.60",
            "pricePerLitre": 7.2,
            "bestPricePerLitre": 7.2
        },
        "store": {
            "id": "5e9e4b45d747762a6a00bef1",
            "name": "Parkwood"
        }
    },
    {
        "productData": {
            "name": "Mother Energy Drink Berry 500ml",
            "productId": "mother-energy-drink-berry-500ml",
            "productShopPage": "https://parkwood.store.supervalue.co.nz/lines/mother-energy-drink-berry-500ml",
            "productImageURL": "https://dtgxwmigmg3gc.cloudfront.net/imagery/assets/derivations/icon/512/512/true/eyJpZCI6ImRhYTJlNjUzNzRjZjViNjI0ZDljNzUzNDA3YmE0ZDFkIiwic3RvcmFnZSI6InB1YmxpY19zdG9yZSJ9?signature=d9ffb465d71d599811c2ff7a788845bfe297eb3624ad7866a89cf0b3ece073f0",
            "productDescription": "",
            "volume": "500ml"
        },
        "priceData": {
            "bestPrice": "3.20",
            "price": "3.20",
            "pricePerLitre": 6.4,
            "bestPricePerLitre": 6.4
        },
        "store": {
            "id": "5e9e4b45d747762a6a00bef1",
            "name": "Parkwood"
        }
    },
    {
        "productData": {
            "name": "Mother Energy Drink Black 500ml",
            "productId": "mother-energy-drink-black-500ml",
            "productShopPage": "https://parkwood.store.supervalue.co.nz/lines/mother-energy-drink-black-500ml",
            "productImageURL": "https://dtgxwmigmg3gc.cloudfront.net/imagery/assets/derivations/icon/512/512/true/eyJpZCI6ImYyMzA5MjhkYjg3ODFhYmYzZDU3ZjE1YjNmYzU2MWFjIiwic3RvcmFnZSI6InB1YmxpY19zdG9yZSJ9?signature=d3dbddb83d3d457075cd5d8936bef0c5b48fce4fa3fe725995d8b6d57219ceb5",
            "productDescription": "",
            "volume": "500ml"
        },
        "priceData": {
            "bestPrice": "3.20",
            "price": "3.20",
            "pricePerLitre": 6.4,
            "bestPricePerLitre": 6.4
        },
        "store": {
            "id": "5e9e4b45d747762a6a00bef1",
            "name": "Parkwood"
        }
    },
    {
        "productData": {
            "name": "Mother Energy Drink Cans 250ml 6 Pack",
            "productId": "mother-energy-drink-6x250ml-cans",
            "productShopPage": "https://parkwood.store.supervalue.co.nz/lines/mother-energy-drink-6x250ml-cans",
            "productImageURL": "https://dtgxwmigmg3gc.cloudfront.net/imagery/assets/derivations/icon/512/512/true/eyJpZCI6IjEyOGFhMmU0Y2VkYTU4ZWFkZmVhOWUwZjdlNTZhOTA4Iiwic3RvcmFnZSI6InB1YmxpY19zdG9yZSJ9?signature=5db1908f64527cf28fa7bf3266a83ab854a07ca50453511f7d414d8e6d5c10fb",
            "productDescription": "",
            "volume": "250ml"
        },
        "priceData": {
            "bestPrice": "8.00",
            "price": "8.00",
            "pricePerLitre": 32.0,
            "bestPricePerLitre": 32.0
        },
        "store": {
            "id": "5e9e4b45d747762a6a00bef1",
            "name": "Parkwood"
        }
    },
    {
        "productData": {
            "name": "Mother Energy Drink Passion 500ml",
            "productId": "mother-energy-drink-passion-500ml",
            "productShopPage": "https://parkwood.store.supervalue.co.nz/lines/mother-energy-drink-passion-500ml",
            "productImageURL": "https://dtgxwmigmg3gc.cloudfront.net/imagery/assets/derivations/icon/512/512/true/eyJpZCI6ImFkZDQ3ZmI4MGJjMmU2ZTgxNDcxNDRhYWFmOWZkYzViIiwic3RvcmFnZSI6InB1YmxpY19zdG9yZSJ9?signature=c8aea44ce6ff965b9e87fcb9f60849b0328e9b8983b9d5547e51c910f8f5368b",
            "productDescription": "",
            "volume": "500ml"
        },
        "priceData": {
            "bestPrice": "3.20",
            "price": "3.20",
            "pricePerLitre": 6.4,
            "bestPricePerLitre": 6.4
        },
        "store": {
            "id": "5e9e4b45d747762a6a00bef1",
            "name": "Parkwood"
        }
    },
    {
        "productData": {
            "name": "Mother Tropical Blast 500ml",
            "productId": "mother-tropical-blast-500ml",
            "productShopPage": "https://parkwood.store.supervalue.co.nz/lines/mother-tropical-blast-500ml",
            "productImageURL": "https://dtgxwmigmg3gc.cloudfront.net/imagery/assets/derivations/icon/512/512/true/eyJpZCI6IjY2ODFiOTc3MTY1OWVlZGI0YWU0ZDEwNmRkMWI3MTFmIiwic3RvcmFnZSI6InB1YmxpY19zdG9yZSJ9?signature=d1b01bfff1b3992a83da4126d87194cc3819f2c04c19ef718954650d0bb059a1",
            "productDescription": "",
            "volume": "500ml"
        },
        "priceData": {
            "bestPrice": "3.20",
            "price": "3.20",
            "pricePerLitre": 6.4,
            "bestPricePerLitre": 6.4
        },
        "store": {
            "id": "5e9e4b45d747762a6a00bef1",
            "name": "Parkwood"
        }
    },
    {
        "productData": {
            "name": "Mother Can Energy 250ml",
            "productId": "mother-can-energy-250ml",
            "productShopPage": "https://parkwood.store.supervalue.co.nz/lines/mother-can-energy-250ml",
            "productImageURL": "https://dtgxwmigmg3gc.cloudfront.net/imagery/assets/derivations/icon/512/512/true/eyJpZCI6IjVhOTg3YmMxMjJjMGU2MTcxY2VhNzRjMmY0YzdmNDc2Iiwic3RvcmFnZSI6InB1YmxpY19zdG9yZSJ9?signature=b86ce206a3fb5a708e03da17f785e4d2d6e9436aae122f10ca04f56e5325a61f",
            "productDescription": "",
            "volume": "250ml"
        },
        "priceData": {
            "bestPrice": "2.50",
            "price": "2.50",
            "pricePerLitre": 10.0,
            "bestPricePerLitre": 10.0
        },
        "store": {
            "id": "5e9e4b45d747762a6a00bef1",
            "name": "Parkwood"
        }
    },
    {
        "productData": {
            "name": "Mother Epic Swell Energy Drink Twisted Apple 500ml",
            "productId": "mother-epic-swell-energy-drink-twisted-apple-500ml",
            "productShopPage": "https://parkwood.store.supervalue.co.nz/lines/mother-epic-swell-energy-drink-twisted-apple-500ml",
            "productImageURL": "https://dtgxwmigmg3gc.cloudfront.net/imagery/assets/derivations/icon/512/512/true/eyJpZCI6IjE3NGY3OWU3NDkwYTQ5MGE4NGFkNjYzZjVlODdjNzlmIiwic3RvcmFnZSI6InB1YmxpY19zdG9yZSJ9?signature=8b8c94eb83ff8e282e2c9309d499d02862cc0d052bea74cb186828b6e121cc4e",
            "productDescription": "",
            "volume": "500ml"
        },
        "priceData": {
            "bestPrice": "3.20",
            "price": "3.20",
            "pricePerLitre": 6.4,
            "bestPricePerLitre": 6.4
        },
        "store": {
            "id": "5e9e4b45d747762a6a00bef1",
            "name": "Parkwood"
        }
    },
    {
        "productData": {
            "name": "V Energy Drink Guarana 500ml",
            "productId": "v-energy-drink-guarana-500ml",
            "productShopPage": "https://parkwood.store.supervalue.co.nz/lines/v-energy-drink-guarana-500ml",
            "productImageURL": "https://dtgxwmigmg3gc.cloudfront.net/imagery/assets/derivations/icon/512/512/true/eyJpZCI6IjgzZDAxMjhiMzg4NmEwZmE4YTE2ZjY2NWIzNmM2NzI2Iiwic3RvcmFnZSI6InB1YmxpY19zdG9yZSJ9?signature=f55ecc561066291a4e74a967db35ea2355f881bd1708bf400fd790032384ae4f",
            "productDescription": "",
            "volume": "500ml"
        },
        "priceData": {
            "bestPrice": "2.70",
            "price": "2.70",
            "pricePerLitre": 5.4,
            "bestPricePerLitre": 5.4
        },
        "store": {
            "id": "5e9e4b45d747762a6a00bef1",
            "name": "Parkwood"
        }
    },
    {
        "productData": {
            "name": "V Energy Drink Sugarfree 500ml",
            "productId": "v-energy-drink-sugarfree-500ml",
            "productShopPage": "https://parkwood.store.supervalue.co.nz/lines/v-energy-drink-sugarfree-500ml",
            "productImageURL": "https://dtgxwmigmg3gc.cloudfront.net/imagery/assets/derivations/icon/512/512/true/eyJpZCI6ImVkZTAxNTNmMDI1NmU1NDZjNWQ5MTc3MjE3ZTQ3YTQ0Iiwic3RvcmFnZSI6InB1YmxpY19zdG9yZSJ9?signature=abcf72d9faa9ee3044eaa3b7ee0bf9b4fd8f582379018d8727f2234b7d3f3c85",
            "productDescription": "",
            "volume": "500ml"
        },
        "priceData": {
            "bestPrice": "2.70",
            "price": "2.70",
            "pricePerLitre": 5.4,
            "bestPricePerLitre": 5.4
        },
        "store": {
            "id": "5e9e4b45d747762a6a00bef1",
            "name": "Parkwood"
        }
    },
    {
        "productData": {
            "name": "V Energy Drink Sugar Free Guarana 250ml",
            "productId": "v-energy-drink-sugar-free-guarana-250ml",
            "productShopPage": "https://parkwood.store.supervalue.co.nz/lines/v-energy-drink-sugar-free-guarana-250ml",
            "productImageURL": "https://dtgxwmigmg3gc.cloudfront.net/imagery/assets/derivations/icon/512/512/true/eyJpZCI6ImZiNzM1NmU4NTMyZDllODlkZTljZmNlOGY2MzQ5NGQwIiwic3RvcmFnZSI6InB1YmxpY19zdG9yZSJ9?signature=72b0ce0a48ca796717c115fe5e8b4564501470f63bf80ae865d26e9d131a2b8c",
            "productDescription": "",
            "volume": "250ml"
        },
        "priceData": {
            "bestPrice": "2.40",
            "price": "2.40",
            "pricePerLitre": 9.6,
            "bestPricePerLitre": 9.6
        },
        "store": {
            "id": "5e9e4b45d747762a6a00bef1",
            "name": "Parkwood"
        }
    },
    {
        "productData": {
            "name": "V Energy Drink Blue Guarana Spritzed 350ml",
            "productId": "v-blue-energy-drink-blue-guarana-spritzed-350ml",
            "productShopPage": "https://parkwood.store.supervalue.co.nz/lines/v-blue-energy-drink-blue-guarana-spritzed-350ml",
            "productImageURL": "https://dtgxwmigmg3gc.cloudfront.net/imagery/assets/derivations/icon/512/512/true/eyJpZCI6ImY2OTRlZGI4NjdlNWMzZDM5NzgzMDQ0ODFkMzUxZGZiIiwic3RvcmFnZSI6InB1YmxpY19zdG9yZSJ9?signature=591b3079cb9c2407a29b3bc348eaf42dc1d34daba5c9d7aba65be654725b6719",
            "productDescription": "",
            "volume": "350ml"
        },
        "priceData": {
            "bestPrice": "4.00",
            "price": "4.00",
            "pricePerLitre": 11.428571428571429,
            "bestPricePerLitre": 11.428571428571429
        },
        "store": {
            "id": "5e9e4b45d747762a6a00bef1",
            "name": "Parkwood"
        }
    },
    {
        "productData": {
            "name": "V Energy Drink Green Guarana 350ml",
            "productId": "v-energy-drink-green-guarana-350ml",
            "productShopPage": "https://parkwood.store.supervalue.co.nz/lines/v-energy-drink-green-guarana-350ml",
            "productImageURL": "https://dtgxwmigmg3gc.cloudfront.net/imagery/assets/derivations/icon/512/512/true/eyJpZCI6IjRiNjY4ZjYxOTQ2ODYyN2MzM2NiZWMyNGUyNmIyODk4Iiwic3RvcmFnZSI6InB1YmxpY19zdG9yZSJ9?signature=4cded9cb42349eef45a593461f311b1bb7fa881295733879671ad9fe9887d30c",
            "productDescription": "",
            "volume": "350ml"
        },
        "priceData": {
            "bestPrice": "4.00",
            "price": "4.00",
            "pricePerLitre": 11.428571428571429,
            "bestPricePerLitre": 11.428571428571429
        },
        "store": {
            "id": "5e9e4b45d747762a6a00bef1",
            "name": "Parkwood"
        }
    },
    {
        "productData": {
            "name": "V Energy Drink Guarana Can 250ml",
            "productId": "v-energy-drink-guarana-can-250ml",
            "productShopPage": "https://parkwood.store.supervalue.co.nz/lines/v-energy-drink-guarana-can-250ml",
            "productImageURL": "https://dtgxwmigmg3gc.cloudfront.net/imagery/assets/derivations/icon/512/512/true/eyJpZCI6Ijc3Nzk1NjE2ZDhhNmFiMThhYzEzODYzOTg2ZmNkNzgwIiwic3RvcmFnZSI6InB1YmxpY19zdG9yZSJ9?signature=f5de1854d43e19cc62bff86893d4a55615cd916f8425a4dccd170b52eba81255",
            "productDescription": "",
            "volume": "250ml"
        },
        "priceData": {
            "bestPrice": "2.40",
            "price": "2.40",
            "pricePerLitre": 9.6,
            "bestPricePerLitre": 9.6
        },
        "store": {
            "id": "5e9e4b45d747762a6a00bef1",
            "name": "Parkwood"
        }
    },
    {
        "productData": {
            "name": "V Energy Drink Guarana Can 500ml",
            "productId": "v-energy-drink-guarana-can-500ml",
            "productShopPage": "https://parkwood.store.supervalue.co.nz/lines/v-energy-drink-guarana-can-500ml",
            "productImageURL": "https://dtgxwmigmg3gc.cloudfront.net/imagery/assets/derivations/icon/512/512/true/eyJpZCI6ImI0NjgzNGZjNDRkMjU0MjgzYzJjZGNhMzA2NWIxYjA5Iiwic3RvcmFnZSI6InB1YmxpY19zdG9yZSJ9?signature=265e8273409849423466e7623cbbdf8352940707b8830803eec391e8f32c9c5f",
            "productDescription": "",
            "volume": "500ml"
        },
        "priceData": {
            "bestPrice": "4.00",
            "price": "4.00",
            "pricePerLitre": 8.0,
            "bestPricePerLitre": 8.0
        },
        "store": {
            "id": "5e9e4b45d747762a6a00bef1",
            "name": "Parkwood"
        }
    },
    {
        "productData": {
            "name": "V Energy Drink Raspberry Lemonade 350ml",
            "productId": "v-energy-drink-raspberry-lemonade-350ml",
            "productShopPage": "https://parkwood.store.supervalue.co.nz/lines/v-energy-drink-raspberry-lemonade-350ml",
            "productImageURL": "https://dtgxwmigmg3gc.cloudfront.net/imagery/assets/derivations/icon/512/512/true/eyJpZCI6IjliNWMwMGJkN2IxYWRhY2UxNzU5NzY1ZTI4MjUzZDgyIiwic3RvcmFnZSI6InB1YmxpY19zdG9yZSJ9?signature=1813e587f3636e394a15aa9e19234f9343024a6880220b0dda0a5d69b1f1c010",
            "productDescription": "",
            "volume": "350ml"
        },
        "priceData": {
            "bestPrice": "4.00",
            "price": "4.00",
            "pricePerLitre": 11.428571428571429,
            "bestPricePerLitre": 11.428571428571429
        },
        "store": {
            "id": "5e9e4b45d747762a6a00bef1",
            "name": "Parkwood"
        }
    },
    {
        "productData": {
            "name": "V Energy Drink Sugar Free Guarana 500ml",
            "productId": "v-energy-drink-sugar-free-guarana-500ml",
            "productShopPage": "https://parkwood.store.supervalue.co.nz/lines/v-energy-drink-sugar-free-guarana-500ml",
            "productImageURL": "https://dtgxwmigmg3gc.cloudfront.net/imagery/assets/derivations/icon/512/512/true/eyJpZCI6Ijg4MGExMDYxOTY4NTJiYzM1ZTExMmU2MGE2OWYxNDE3Iiwic3RvcmFnZSI6InB1YmxpY19zdG9yZSJ9?signature=b0536d25b9da8158705e24c88e21fabbf85c1dabc19f18108c386e956ffd7045",
            "productDescription": "",
            "volume": "500ml"
        },
        "priceData": {
            "bestPrice": "4.00",
            "price": "4.00",
            "pricePerLitre": 8.0,
            "bestPricePerLitre": 8.0
        },
        "store": {
            "id": "5e9e4b45d747762a6a00bef1",
            "name": "Parkwood"
        }
    },
    {
        "productData": {
            "name": "V Blue Energy Drink Bottle 500ml",
            "productId": "v-blue-energy-drink-bottle-500ml",
            "productShopPage": "https://parkwood.store.supervalue.co.nz/lines/v-blue-energy-drink-bottle-500ml",
            "productImageURL": "https://dtgxwmigmg3gc.cloudfront.net/imagery/assets/derivations/icon/512/512/true/eyJpZCI6IjgyYWYxYWY4MGI4MzUxODhiYmVhZGVhM2U2NzY0MzI5Iiwic3RvcmFnZSI6InB1YmxpY19zdG9yZSJ9?signature=7e70fc576864a528a1431734d680cbf177a11b419a692dbfd34800c31b8944ec",
            "productDescription": "",
            "volume": "500ml"
        },
        "priceData": {
            "bestPrice": "2.70",
            "price": "2.70",
            "pricePerLitre": 5.4,
            "bestPricePerLitre": 5.4
        },
        "store": {
            "id": "5e9e4b45d747762a6a00bef1",
            "name": "Parkwood"
        }
    },
    {
        "productData": {
            "name": "V Blue Sugarfree Energy Drink 500ml",
            "productId": "v-blue-sugarfree-energy-drink-500ml",
            "productShopPage": "https://parkwood.store.supervalue.co.nz/lines/v-blue-sugarfree-energy-drink-500ml",
            "productImageURL": "https://dtgxwmigmg3gc.cloudfront.net/imagery/assets/derivations/icon/512/512/true/eyJpZCI6ImVmYjQyOWRmM2JjZjc3NTY1ZDIwMTEyNTY0MDdmZjA1Iiwic3RvcmFnZSI6InB1YmxpY19zdG9yZSJ9?signature=2911d59474d8305039a3be3bef0f887c38d9ab84596314b13cc4b150101175ab",
            "productDescription": "",
            "volume": "500ml"
        },
        "priceData": {
            "bestPrice": "4.00",
            "price": "4.00",
            "pricePerLitre": 8.0,
            "bestPricePerLitre": 8.0
        },
        "store": {
            "id": "5e9e4b45d747762a6a00bef1",
            "name": "Parkwood"
        }
    },
    {
        "productData": {
            "name": "V Raspberry Lemonade Energy Drink 500ml",
            "productId": "v-energy-drink-raspberry-lemonade-500ml-can",
            "productShopPage": "https://parkwood.store.supervalue.co.nz/lines/v-energy-drink-raspberry-lemonade-500ml-can",
            "productImageURL": "https://dtgxwmigmg3gc.cloudfront.net/imagery/assets/derivations/icon/512/512/true/eyJpZCI6ImE3N2Y5NzBmY2FhOWZhYmZiOTc3MmYyMzE4MGRiOTcxIiwic3RvcmFnZSI6InB1YmxpY19zdG9yZSJ9?signature=2bb7890fe6d7b0c0c6a522be31c78077be0aa570ca4c8aa5549ccf80761262dc",
            "productDescription": "",
            "volume": "500ml"
        },
        "priceData": {
            "bestPrice": "4.00",
            "price": "4.00",
            "pricePerLitre": 8.0,
            "bestPricePerLitre": 8.0
        },
        "store": {
            "id": "5e9e4b45d747762a6a00bef1",
            "name": "Parkwood"
        }
    },
    {
        "productData": {
            "name": "V Blue Energy Drink Blue Guarana Can 250ml",
            "productId": "v-blue-energy-drink-blue-guarana-can-250ml",
            "productShopPage": "https://parkwood.store.supervalue.co.nz/lines/v-blue-energy-drink-blue-guarana-can-250ml",
            "productImageURL": "https://dtgxwmigmg3gc.cloudfront.net/imagery/assets/derivations/icon/512/512/true/eyJpZCI6IjBmZjQwNDEyZWQ2ZDk4YTg3YWQ2ZDUyMWZlNjM1YzJkIiwic3RvcmFnZSI6InB1YmxpY19zdG9yZSJ9?signature=8f745abe5614ec47b3d7a07f1a34ba529184a87b2a696211ba5a0f9f29c86bf0",
            "productDescription": "",
            "volume": "250ml"
        },
        "priceData": {
            "bestPrice": "2.40",
            "price": "2.40",
            "pricePerLitre": 9.6,
            "bestPricePerLitre": 9.6
        },
        "store": {
            "id": "5e9e4b45d747762a6a00bef1",
            "name": "Parkwood"
        }
    },
    {
        "productData": {
            "name": "V Blue Energy Drink Blue Guarana Can 500ml",
            "productId": "v-blue-energy-drink-blue-guarana-can-500ml",
            "productShopPage": "https://parkwood.store.supervalue.co.nz/lines/v-blue-energy-drink-blue-guarana-can-500ml",
            "productImageURL": "https://dtgxwmigmg3gc.cloudfront.net/imagery/assets/derivations/icon/512/512/true/eyJpZCI6ImFmYjEyYjVjYTU2YWI5ZDJhMTVmNGY2MDg2NWFlNzgxIiwic3RvcmFnZSI6InB1YmxpY19zdG9yZSJ9?signature=b537a8cc5a2c0f90f1702b2c541db44c3a740a0ec4a96e92ab2d6537f9320e8d",
            "productDescription": "",
            "volume": "500ml"
        },
        "priceData": {
            "bestPrice": "4.00",
            "price": "4.00",
            "pricePerLitre": 8.0,
            "bestPricePerLitre": 8.0
        },
        "store": {
            "id": "5e9e4b45d747762a6a00bef1",
            "name": "Parkwood"
        }
    },
    {
        "productData": {
            "name": "V Energy Drink Sugar Free Guarana Bottle 350ml",
            "productId": "v-energy-drink-sugar-free-guarana-bottle-350ml",
            "productShopPage": "https://parkwood.store.supervalue.co.nz/lines/v-energy-drink-sugar-free-guarana-bottle-350ml",
            "productImageURL": "https://dtgxwmigmg3gc.cloudfront.net/imagery/assets/derivations/icon/512/512/true/eyJpZCI6ImM4MGVkZDY3Mjg5MTdjYTdhMTgxMzUxMTVkZmFlNzcxIiwic3RvcmFnZSI6InB1YmxpY19zdG9yZSJ9?signature=bfa701331e490bfdd2ed98e1c24e4f875f18a45383fc75ce599441cb0aa072cd",
            "productDescription": "",
            "volume": "350ml"
        },
        "priceData": {
            "bestPrice": "4.00",
            "price": "4.00",
            "pricePerLitre": 11.428571428571429,
            "bestPricePerLitre": 11.428571428571429
        },
        "store": {
            "id": "5e9e4b45d747762a6a00bef1",
            "name": "Parkwood"
        }
    },
    {
        "productData": {
            "name": "V Pure Energy Drink Bottle 330ml",
            "productId": "v-pure-330ml-bottle",
            "productShopPage": "https://parkwood.store.supervalue.co.nz/lines/v-pure-330ml-bottle",
            "productImageURL": "https://dtgxwmigmg3gc.cloudfront.net/imagery/assets/derivations/icon/512/512/true/eyJpZCI6ImFjZmFlNGE1MmQ1ZmNhOTVhN2IyNzdhOGQ3ZTBjNTY0Iiwic3RvcmFnZSI6InB1YmxpY19zdG9yZSJ9?signature=ff03797de044ef70d02854192249a79b3cd819353c7171ef7358378e76bfc089",
            "productDescription": "",
            "volume": "330ml"
        },
        "priceData": {
            "bestPrice": "3.79",
            "price": "3.79",
            "pricePerLitre": 11.484848484848484,
            "bestPricePerLitre": 11.484848484848484
        },
        "store": {
            "id": "5e9e4b45d747762a6a00bef1",
            "name": "Parkwood"
        }
    },
    {
        "productData": {
            "name": "Monster Energy Pipeline Punch 500ml",
            "productId": "monster-energy-pipeline-punch-500ml",
            "productShopPage": "https://parkwood.store.supervalue.co.nz/lines/monster-energy-pipeline-punch-500ml",
            "productImageURL": "https://dtgxwmigmg3gc.cloudfront.net/imagery/assets/derivations/icon/512/512/true/eyJpZCI6IjBhODJhZGNkMWY5YThiMWQ5ZjY0YjRjNGE0YWQwMzMxIiwic3RvcmFnZSI6InB1YmxpY19zdG9yZSJ9?signature=7a4880545cb059c8f06a41c671fb0785b7cddf3903741ed2f081d6bcf2e5189f",
            "productDescription": "",
            "volume": "500ml"
        },
        "priceData": {
            "bestPrice": "3.60",
            "price": "3.60",
            "pricePerLitre": 7.2,
            "bestPricePerLitre": 7.2
        },
        "store": {
            "id": "5e9e4b45d747762a6a00bef1",
            "name": "Parkwood"
        }
    },
    {
        "productData": {
            "name": "Live Plus Energy Drink Citrus Flavour 500ml",
            "productId": "live-plus-persist-500ml",
            "productShopPage": "https://parkwood.store.supervalue.co.nz/lines/live-plus-persist-500ml",
            "productImageURL": "https://dtgxwmigmg3gc.cloudfront.net/imagery/assets/derivations/icon/512/512/true/eyJpZCI6IjFlNWQ5YzI4OWM1N2UzNmYzZmI2NThlMDQzZTI3ZjE4Iiwic3RvcmFnZSI6InB1YmxpY19zdG9yZSJ9?signature=756b17fefe47174b90e7dbec8cd09db27f9f59f4994bc750b71256ae93ba9fa8",
            "productDescription": "",
            "volume": "500ml"
        },
        "priceData": {
            "bestPrice": "3.20",
            "price": "3.20",
            "pricePerLitre": 6.4,
            "bestPricePerLitre": 6.4
        },
        "store": {
            "id": "5e9e4b45d747762a6a00bef1",
            "name": "Parkwood"
        }
    },
    {
        "productData": {
            "name": "V Guarana Energy Drink Blue Sugarfree 250ml",
            "productId": "v-blue-sugarfree-energy-drink-250ml",
            "productShopPage": "https://parkwood.store.supervalue.co.nz/lines/v-blue-sugarfree-energy-drink-250ml",
            "productImageURL": "https://dtgxwmigmg3gc.cloudfront.net/imagery/assets/derivations/icon/512/512/true/eyJpZCI6IjI3YWJiOTVhYjNhMjEwMDU2MWJhMmRhNTM3YjRhZjVmIiwic3RvcmFnZSI6InB1YmxpY19zdG9yZSJ9?signature=66769306ca1d0ba674603954d338186dc999f6d1839090d49fde9416b3252365",
            "productDescription": "",
            "volume": "250ml"
        },
        "priceData": {
            "bestPrice": "2.40",
            "price": "2.40",
            "pricePerLitre": 9.6,
            "bestPricePerLitre": 9.6
        },
        "store": {
            "id": "5e9e4b45d747762a6a00bef1",
            "name": "Parkwood"
        }
    },
    {
        "productData": {
            "name": "Rockstar Punched Energy Guava 500ml",
            "productId": "rockstar-punched-energy-guava-500ml",
            "productShopPage": "https://parkwood.store.supervalue.co.nz/lines/rockstar-punched-energy-guava-500ml",
            "productImageURL": "https://dtgxwmigmg3gc.cloudfront.net/imagery/assets/derivations/icon/512/512/true/eyJpZCI6ImEzMDQwMDA1ZTlmNTRmNTczMTYzMDE1Yjk2NTFmZDIxIiwic3RvcmFnZSI6InB1YmxpY19zdG9yZSJ9?signature=bfb6b62e0f648da1212eb37234f40b47cf3251c956e2d837473e2acee3a5a4ef",
            "productDescription": "",
            "volume": "500ml"
        },
        "priceData": {
            "bestPrice": "2.20",
            "price": "2.20",
            "pricePerLitre": 4.4,
            "bestPricePerLitre": 4.4
        },
        "store": {
            "id": "5e9e4b45d747762a6a00bef1",
            "name": "Parkwood"
        }
    },
    {
        "productData": {
            "name": "Live Plus Energy Drink Sugar Free Citrus Flavour 250ml",
            "productId": "live-plus-zero-sug-citrus-500ml",
            "productShopPage": "https://parkwood.store.supervalue.co.nz/lines/live-plus-zero-sug-citrus-500ml",
            "productImageURL": "https://dtgxwmigmg3gc.cloudfront.net/imagery/assets/derivations/icon/512/512/true/eyJpZCI6IjhkZGE2ODE2ZDc4Y2E5MmUxZTQ3YjAxOWExZjNlMTU5Iiwic3RvcmFnZSI6InB1YmxpY19zdG9yZSJ9?signature=ab72ec55544855bdd6eb188264cd302aac7f6bc747af365b1624653223d6953d",
            "productDescription": "",
            "volume": "250ml"
        },
        "priceData": {
            "bestPrice": "3.20",
            "price": "3.20",
            "pricePerLitre": 12.8,
            "bestPricePerLitre": 12.8
        },
        "store": {
            "id": "5e9e4b45d747762a6a00bef1",
            "name": "Parkwood"
        }
    },
    {
        "productData": {
            "name": "Monster Ultra Fiesta Energy 500ml",
            "productId": "monster-ultra-fiesta-energy-500ml",
            "productShopPage": "https://parkwood.store.supervalue.co.nz/lines/monster-ultra-fiesta-energy-500ml",
            "productImageURL": "https://dtgxwmigmg3gc.cloudfront.net/imagery/assets/derivations/icon/512/512/true/eyJpZCI6Ijg5N2U0MTUxNjJmNzU3MDA2MjQ3MGU2OWU5NWVhMzY2LmpwZyIsInN0b3JhZ2UiOiJwdWJsaWNfc3RvcmUifQ?signature=b5e95acb1f97789b134681678c5ac2a1847e8d33e7fad84f9ec384b4f5b59496",
            "productDescription": "",
            "volume": "500ml"
        },
        "priceData": {
            "bestPrice": "3.60",
            "price": "3.60",
            "pricePerLitre": 7.2,
            "bestPricePerLitre": 7.2
        },
        "store": {
            "id": "5e9e4b45d747762a6a00bef1",
            "name": "Parkwood"
        }
    },
    {
        "productData": {
            "name": "Rockstar Energy Drink Blueberry Can 500ml",
            "productId": "rockstar-energy-drink-blueberry-can-500ml",
            "productShopPage": "https://parkwood.store.supervalue.co.nz/lines/rockstar-energy-drink-blueberry-can-500ml",
            "productImageURL": "https://dtgxwmigmg3gc.cloudfront.net/imagery/assets/derivations/icon/512/512/true/eyJpZCI6ImI1N2Q4NGI2ZGNjM2JiNDYyNzE0MDM1NDBmNDFiMTczIiwic3RvcmFnZSI6InB1YmxpY19zdG9yZSJ9?signature=7e05418bac60cf5dc657a6490b215fa93221265cb5d03bdab391f3993e9949d7",
            "productDescription": "",
            "volume": "500ml"
        },
        "priceData": {
            "bestPrice": "2.20",
            "price": "2.20",
            "pricePerLitre": 4.4,
            "bestPricePerLitre": 4.4
        },
        "store": {
            "id": "5e9e4b45d747762a6a00bef1",
            "name": "Parkwood"
        }
    },
    {
        "productData": {
            "name": "Musashi Energy Drink Blue Raspberry 500ml",
            "productId": "musashi-energy-drink-blue-raspberry-500ml",
            "productShopPage": "https://parkwood.store.supervalue.co.nz/lines/musashi-energy-drink-blue-raspberry-500ml",
            "productImageURL": "https://dtgxwmigmg3gc.cloudfront.net/imagery/assets/derivations/icon/512/512/true/eyJpZCI6IjE5MzNlYTI1Mjk2MTRjZTgwNmE0YThiZTU2NmRhMGI1Iiwic3RvcmFnZSI6InB1YmxpY19zdG9yZSJ9?signature=6f2e80fb21b91bb7d7f6ae2f6d711d7b645a3490600386d066f024d673ee01e2",
            "productDescription": "",
            "volume": "500ml"
        },
        "priceData": {
            "bestPrice": "3.50",
            "price": "3.50",
            "pricePerLitre": 7.0,
            "bestPricePerLitre": 7.0
        },
        "store": {
            "id": "5e9e4b45d747762a6a00bef1",
            "name": "Parkwood"
        }
    },
    {
        "productData": {
            "name": "Musashi Energy Drink Fruit Crush 500ml",
            "productId": "musashi-energy-drink-fruit-crush-500ml",
            "productShopPage": "https://parkwood.store.supervalue.co.nz/lines/musashi-energy-drink-fruit-crush-500ml",
            "productImageURL": "https://dtgxwmigmg3gc.cloudfront.net/imagery/assets/derivations/icon/512/512/true/eyJpZCI6IjExMTJjZTJlMjEyYjI4NTgwZjE0ZGZlYjE5MTgzNTQ5Iiwic3RvcmFnZSI6InB1YmxpY19zdG9yZSJ9?signature=249030276f0de6f4760c079da56b20c58d0b82a78f36efe8fd80f2bbe4aed7d4",
            "productDescription": "",
            "volume": "500ml"
        },
        "priceData": {
            "bestPrice": "3.50",
            "price": "3.50",
            "pricePerLitre": 7.0,
            "bestPricePerLitre": 7.0
        },
        "store": {
            "id": "5e9e4b45d747762a6a00bef1",
            "name": "Parkwood"
        }
    },
    {
        "productData": {
            "name": "Musashi Energy Drink Purple Grape 500ml",
            "productId": "musashi-energy-drink-purple-grape-500ml",
            "productShopPage": "https://parkwood.store.supervalue.co.nz/lines/musashi-energy-drink-purple-grape-500ml",
            "productImageURL": "https://dtgxwmigmg3gc.cloudfront.net/imagery/assets/derivations/icon/512/512/true/eyJpZCI6IjkxZGM0ODYyYmZhNGViMTkwM2U4MTYzM2FiMDYzMDdlIiwic3RvcmFnZSI6InB1YmxpY19zdG9yZSJ9?signature=d6ff84062f4b227aaf76b6e0be9ec9742734bc67867684146ce6624e4bcef6bd",
            "productDescription": "",
            "volume": "500ml"
        },
        "priceData": {
            "bestPrice": "3.50",
            "price": "3.50",
            "pricePerLitre": 7.0,
            "bestPricePerLitre": 7.0
        },
        "store": {
            "id": "5e9e4b45d747762a6a00bef1",
            "name": "Parkwood"
        }
    },
    {
        "productData": {
            "name": "V Refresh Energy Drink Citrus Lemonade 500ml Can 500ml",
            "productId": "v-refresh-energy-drink-citrus-lemonade-500ml-can-500ml",
            "productShopPage": "https://pauanui.store.supervalue.co.nz/lines/v-refresh-energy-drink-citrus-lemonade-500ml-can-500ml",
            "productImageURL": "https://dtgxwmigmg3gc.cloudfront.net/imagery/assets/derivations/icon/512/512/true/eyJpZCI6IjVlN2QyZDg4OTlkNWVhZDc1OTM3YzEwZDgwOTg1NjJmIiwic3RvcmFnZSI6InB1YmxpY19zdG9yZSJ9?signature=35586a0457373f804173605ba7f35fb0b256a119e67175911e869a6f42785c11",
            "productDescription": "",
            "volume": "500ml"
        },
        "priceData": {
            "bestPrice": "3.30",
            "price": "3.30",
            "pricePerLitre": 6.6,
            "bestPricePerLitre": 6.6
        },
        "store": {
            "id": "5e754ef6ec286656b5022173",
            "name": "Pauanui"
        }
    },
    {
        "productData": {
            "name": "V Refresh Energy Drink Pineapple Watermelon 500ml Can 500ml",
            "productId": "v-refresh-energy-drink-pineapple-watermelon-500ml-can-500ml",
            "productShopPage": "https://pauanui.store.supervalue.co.nz/lines/v-refresh-energy-drink-pineapple-watermelon-500ml-can-500ml",
            "productImageURL": "https://dtgxwmigmg3gc.cloudfront.net/imagery/assets/derivations/icon/512/512/true/eyJpZCI6IjgzMTBmY2EwMzFkODkxOTAxNDFmYWNhMjZhZmFlZTI0Iiwic3RvcmFnZSI6InB1YmxpY19zdG9yZSJ9?signature=2062a73b018e86e0e6858a08c9fea597971ea894ef5eee6cfb310bcaa3201c6f",
            "productDescription": "",
            "volume": "500ml"
        },
        "priceData": {
            "bestPrice": "3.30",
            "price": "3.30",
            "pricePerLitre": 6.6,
            "bestPricePerLitre": 6.6
        },
        "store": {
            "id": "5e754ef6ec286656b5022173",
            "name": "Pauanui"
        }
    },
    {
        "productData": {
            "name": "Monster Energy Drink Ultra Gold 500ml",
            "productId": "monster-energy-drink-ultra-gold-500ml",
            "productShopPage": "https://pauanui.store.supervalue.co.nz/lines/monster-energy-drink-ultra-gold-500ml",
            "productImageURL": "https://dtgxwmigmg3gc.cloudfront.net/imagery/assets/derivations/icon/512/512/true/eyJpZCI6ImM3MmEwNWIyMjE0YTAzMjcyNzFhYjMyZTI4Zjk4MGFhIiwic3RvcmFnZSI6InB1YmxpY19zdG9yZSJ9?signature=b4f295a92992569de94ae4176268ca4a850af7b8377f28e19d8ddb65e0e09cc2",
            "productDescription": "",
            "volume": "500ml"
        },
        "priceData": {
            "bestPrice": "3.60",
            "price": "3.60",
            "pricePerLitre": 7.2,
            "bestPricePerLitre": 7.2
        },
        "store": {
            "id": "5e754ef6ec286656b5022173",
            "name": "Pauanui"
        }
    },
    {
        "productData": {
            "name": "Mother Kicked Apple 500ml",
            "productId": "mother-kicked-apple-500ml",
            "productShopPage": "https://pauanui.store.supervalue.co.nz/lines/mother-kicked-apple-500ml",
            "productImageURL": "https://dtgxwmigmg3gc.cloudfront.net/imagery/assets/derivations/icon/512/512/true/eyJpZCI6IjNhZTlkYjkwYTM4MDFjMGEwYjUwYThhMDAwYjkyZjM0Iiwic3RvcmFnZSI6InB1YmxpY19zdG9yZSJ9?signature=c1a1db0a5d7b074c388cf08560fd44a4a2b6127821554198e54eeea8474325f6",
            "productDescription": "",
            "volume": "500ml"
        },
        "priceData": {
            "bestPrice": "3.20",
            "price": "3.20",
            "pricePerLitre": 6.4,
            "bestPricePerLitre": 6.4
        },
        "store": {
            "id": "5e754ef6ec286656b5022173",
            "name": "Pauanui"
        }
    },
    {
        "productData": {
            "name": "Monster Energy Ultra Zero 500ml Can 500ml",
            "productId": "monster-energy-ultra-zero-500ml",
            "productShopPage": "https://pauanui.store.supervalue.co.nz/lines/monster-energy-ultra-zero-500ml",
            "productImageURL": "https://dtgxwmigmg3gc.cloudfront.net/imagery/assets/derivations/icon/512/512/true/eyJpZCI6IjE2ZDZhZmVkN2M0YjVjMzRmMjExNGJhNWQyMzhlOTQ4Iiwic3RvcmFnZSI6InB1YmxpY19zdG9yZSJ9?signature=10ef7ab522a8389710a24973bac3bd88af990f17b5da987fda62632f41e72ced",
            "productDescription": "",
            "volume": "500ml"
        },
        "priceData": {
            "bestPrice": "3.60",
            "price": "3.60",
            "pricePerLitre": 7.2,
            "bestPricePerLitre": 7.2
        },
        "store": {
            "id": "5e754ef6ec286656b5022173",
            "name": "Pauanui"
        }
    },
    {
        "productData": {
            "name": "Monster Energy Green 500ml",
            "productId": "monster-energy-green-500ml",
            "productShopPage": "https://pauanui.store.supervalue.co.nz/lines/monster-energy-green-500ml",
            "productImageURL": "https://dtgxwmigmg3gc.cloudfront.net/imagery/assets/derivations/icon/512/512/true/eyJpZCI6IjdlMWQ4YzE4OWEzYjkxOWExNTNiZDRmMGNhMjA0MGFjIiwic3RvcmFnZSI6InB1YmxpY19zdG9yZSJ9?signature=7d8e276d7131e46748c715b58473be8fec7d21f3d10abd6d108f8b0cb856d4a3",
            "productDescription": "",
            "volume": "500ml"
        },
        "priceData": {
            "bestPrice": "3.60",
            "price": "3.60",
            "pricePerLitre": 7.2,
            "bestPricePerLitre": 7.2
        },
        "store": {
            "id": "5e754ef6ec286656b5022173",
            "name": "Pauanui"
        }
    },
    {
        "productData": {
            "name": "Monster Energy Drink Ultra Rosa 500ml",
            "productId": "monster-energy-drink-ultra-rosa-500ml",
            "productShopPage": "https://pauanui.store.supervalue.co.nz/lines/monster-energy-drink-ultra-rosa-500ml",
            "productImageURL": "https://dtgxwmigmg3gc.cloudfront.net/imagery/assets/derivations/icon/512/512/true/eyJpZCI6IjBmZDhiOGI4MDk3NDYzMDI0ZGQ4OTdhYTk2ZmVmMmRiIiwic3RvcmFnZSI6InB1YmxpY19zdG9yZSJ9?signature=b524829083fd581b245f26f999cd130415f1b63b346277cf6a7a0faece216093",
            "productDescription": "",
            "volume": "500ml"
        },
        "priceData": {
            "bestPrice": "3.60",
            "price": "3.60",
            "pricePerLitre": 7.2,
            "bestPricePerLitre": 7.2
        },
        "store": {
            "id": "5e754ef6ec286656b5022173",
            "name": "Pauanui"
        }
    },
    {
        "productData": {
            "name": "Mother Energy Drink Berry 500ml",
            "productId": "mother-energy-drink-berry-500ml",
            "productShopPage": "https://pauanui.store.supervalue.co.nz/lines/mother-energy-drink-berry-500ml",
            "productImageURL": "https://dtgxwmigmg3gc.cloudfront.net/imagery/assets/derivations/icon/512/512/true/eyJpZCI6ImRhYTJlNjUzNzRjZjViNjI0ZDljNzUzNDA3YmE0ZDFkIiwic3RvcmFnZSI6InB1YmxpY19zdG9yZSJ9?signature=d9ffb465d71d599811c2ff7a788845bfe297eb3624ad7866a89cf0b3ece073f0",
            "productDescription": "",
            "volume": "500ml"
        },
        "priceData": {
            "bestPrice": "3.20",
            "price": "3.20",
            "pricePerLitre": 6.4,
            "bestPricePerLitre": 6.4
        },
        "store": {
            "id": "5e754ef6ec286656b5022173",
            "name": "Pauanui"
        }
    },
    {
        "productData": {
            "name": "Mother Energy Drink Black 500ml",
            "productId": "mother-energy-drink-black-500ml",
            "productShopPage": "https://pauanui.store.supervalue.co.nz/lines/mother-energy-drink-black-500ml",
            "productImageURL": "https://dtgxwmigmg3gc.cloudfront.net/imagery/assets/derivations/icon/512/512/true/eyJpZCI6ImYyMzA5MjhkYjg3ODFhYmYzZDU3ZjE1YjNmYzU2MWFjIiwic3RvcmFnZSI6InB1YmxpY19zdG9yZSJ9?signature=d3dbddb83d3d457075cd5d8936bef0c5b48fce4fa3fe725995d8b6d57219ceb5",
            "productDescription": "",
            "volume": "500ml"
        },
        "priceData": {
            "bestPrice": "3.20",
            "price": "3.20",
            "pricePerLitre": 6.4,
            "bestPricePerLitre": 6.4
        },
        "store": {
            "id": "5e754ef6ec286656b5022173",
            "name": "Pauanui"
        }
    },
    {
        "productData": {
            "name": "Mother Energy Drink Passion 500ml",
            "productId": "mother-energy-drink-passion-500ml",
            "productShopPage": "https://pauanui.store.supervalue.co.nz/lines/mother-energy-drink-passion-500ml",
            "productImageURL": "https://dtgxwmigmg3gc.cloudfront.net/imagery/assets/derivations/icon/512/512/true/eyJpZCI6ImFkZDQ3ZmI4MGJjMmU2ZTgxNDcxNDRhYWFmOWZkYzViIiwic3RvcmFnZSI6InB1YmxpY19zdG9yZSJ9?signature=c8aea44ce6ff965b9e87fcb9f60849b0328e9b8983b9d5547e51c910f8f5368b",
            "productDescription": "",
            "volume": "500ml"
        },
        "priceData": {
            "bestPrice": "3.20",
            "price": "3.20",
            "pricePerLitre": 6.4,
            "bestPricePerLitre": 6.4
        },
        "store": {
            "id": "5e754ef6ec286656b5022173",
            "name": "Pauanui"
        }
    },
    {
        "productData": {
            "name": "Mother Tropical Blast 500ml",
            "productId": "mother-tropical-blast-500ml",
            "productShopPage": "https://pauanui.store.supervalue.co.nz/lines/mother-tropical-blast-500ml",
            "productImageURL": "https://dtgxwmigmg3gc.cloudfront.net/imagery/assets/derivations/icon/512/512/true/eyJpZCI6IjY2ODFiOTc3MTY1OWVlZGI0YWU0ZDEwNmRkMWI3MTFmIiwic3RvcmFnZSI6InB1YmxpY19zdG9yZSJ9?signature=d1b01bfff1b3992a83da4126d87194cc3819f2c04c19ef718954650d0bb059a1",
            "productDescription": "",
            "volume": "500ml"
        },
        "priceData": {
            "bestPrice": "3.20",
            "price": "3.20",
            "pricePerLitre": 6.4,
            "bestPricePerLitre": 6.4
        },
        "store": {
            "id": "5e754ef6ec286656b5022173",
            "name": "Pauanui"
        }
    },
    {
        "productData": {
            "name": "Mother Epic Swell Energy Drink Twisted Apple 500ml",
            "productId": "mother-epic-swell-energy-drink-twisted-apple-500ml",
            "productShopPage": "https://pauanui.store.supervalue.co.nz/lines/mother-epic-swell-energy-drink-twisted-apple-500ml",
            "productImageURL": "https://dtgxwmigmg3gc.cloudfront.net/imagery/assets/derivations/icon/512/512/true/eyJpZCI6IjE3NGY3OWU3NDkwYTQ5MGE4NGFkNjYzZjVlODdjNzlmIiwic3RvcmFnZSI6InB1YmxpY19zdG9yZSJ9?signature=8b8c94eb83ff8e282e2c9309d499d02862cc0d052bea74cb186828b6e121cc4e",
            "productDescription": "",
            "volume": "500ml"
        },
        "priceData": {
            "bestPrice": "3.20",
            "price": "3.20",
            "pricePerLitre": 6.4,
            "bestPricePerLitre": 6.4
        },
        "store": {
            "id": "5e754ef6ec286656b5022173",
            "name": "Pauanui"
        }
    },
    {
        "productData": {
            "name": "Monster Energy Juice Mango Loco 500ml",
            "productId": "monster-energy-juice-mango-loco-500ml-can",
            "productShopPage": "https://pauanui.store.supervalue.co.nz/lines/monster-energy-juice-mango-loco-500ml-can",
            "productImageURL": "https://dtgxwmigmg3gc.cloudfront.net/imagery/assets/derivations/icon/512/512/true/eyJpZCI6ImFiNTMzOTMyOWEwYWQ0NzdjMjJjNjlkMzQxZTNhOGQxIiwic3RvcmFnZSI6InB1YmxpY19zdG9yZSJ9?signature=68e99f74abe4c896ded0dd7313a3b51988c1e1a783fd4322eb0d59affb53ec54",
            "productDescription": "",
            "volume": "500ml"
        },
        "priceData": {
            "bestPrice": "3.60",
            "price": "3.60",
            "pricePerLitre": 7.2,
            "bestPricePerLitre": 7.2
        },
        "store": {
            "id": "5e754ef6ec286656b5022173",
            "name": "Pauanui"
        }
    },
    {
        "productData": {
            "name": "V Energy Drink Guarana 500ml",
            "productId": "v-energy-drink-guarana-500ml",
            "productShopPage": "https://pauanui.store.supervalue.co.nz/lines/v-energy-drink-guarana-500ml",
            "productImageURL": "https://dtgxwmigmg3gc.cloudfront.net/imagery/assets/derivations/icon/512/512/true/eyJpZCI6IjgzZDAxMjhiMzg4NmEwZmE4YTE2ZjY2NWIzNmM2NzI2Iiwic3RvcmFnZSI6InB1YmxpY19zdG9yZSJ9?signature=f55ecc561066291a4e74a967db35ea2355f881bd1708bf400fd790032384ae4f",
            "productDescription": "",
            "volume": "500ml"
        },
        "priceData": {
            "bestPrice": "2.70",
            "price": "2.70",
            "pricePerLitre": 5.4,
            "bestPricePerLitre": 5.4
        },
        "store": {
            "id": "5e754ef6ec286656b5022173",
            "name": "Pauanui"
        }
    },
    {
        "productData": {
            "name": "V Energy Drink Blue Guarana Spritzed 350ml",
            "productId": "v-blue-energy-drink-blue-guarana-spritzed-350ml",
            "productShopPage": "https://pauanui.store.supervalue.co.nz/lines/v-blue-energy-drink-blue-guarana-spritzed-350ml",
            "productImageURL": "https://dtgxwmigmg3gc.cloudfront.net/imagery/assets/derivations/icon/512/512/true/eyJpZCI6ImY2OTRlZGI4NjdlNWMzZDM5NzgzMDQ0ODFkMzUxZGZiIiwic3RvcmFnZSI6InB1YmxpY19zdG9yZSJ9?signature=591b3079cb9c2407a29b3bc348eaf42dc1d34daba5c9d7aba65be654725b6719",
            "productDescription": "",
            "volume": "350ml"
        },
        "priceData": {
            "bestPrice": "4.00",
            "price": "4.00",
            "pricePerLitre": 11.428571428571429,
            "bestPricePerLitre": 11.428571428571429
        },
        "store": {
            "id": "5e754ef6ec286656b5022173",
            "name": "Pauanui"
        }
    },
    {
        "productData": {
            "name": "V Energy Drink Green Guarana 350ml",
            "productId": "v-energy-drink-green-guarana-350ml",
            "productShopPage": "https://pauanui.store.supervalue.co.nz/lines/v-energy-drink-green-guarana-350ml",
            "productImageURL": "https://dtgxwmigmg3gc.cloudfront.net/imagery/assets/derivations/icon/512/512/true/eyJpZCI6IjRiNjY4ZjYxOTQ2ODYyN2MzM2NiZWMyNGUyNmIyODk4Iiwic3RvcmFnZSI6InB1YmxpY19zdG9yZSJ9?signature=4cded9cb42349eef45a593461f311b1bb7fa881295733879671ad9fe9887d30c",
            "productDescription": "",
            "volume": "350ml"
        },
        "priceData": {
            "bestPrice": "4.00",
            "price": "4.00",
            "pricePerLitre": 11.428571428571429,
            "bestPricePerLitre": 11.428571428571429
        },
        "store": {
            "id": "5e754ef6ec286656b5022173",
            "name": "Pauanui"
        }
    },
    {
        "productData": {
            "name": "V Energy Drink Guarana Can 250ml",
            "productId": "v-energy-drink-guarana-can-250ml",
            "productShopPage": "https://pauanui.store.supervalue.co.nz/lines/v-energy-drink-guarana-can-250ml",
            "productImageURL": "https://dtgxwmigmg3gc.cloudfront.net/imagery/assets/derivations/icon/512/512/true/eyJpZCI6Ijc3Nzk1NjE2ZDhhNmFiMThhYzEzODYzOTg2ZmNkNzgwIiwic3RvcmFnZSI6InB1YmxpY19zdG9yZSJ9?signature=f5de1854d43e19cc62bff86893d4a55615cd916f8425a4dccd170b52eba81255",
            "productDescription": "",
            "volume": "250ml"
        },
        "priceData": {
            "bestPrice": "2.40",
            "price": "2.40",
            "pricePerLitre": 9.6,
            "bestPricePerLitre": 9.6
        },
        "store": {
            "id": "5e754ef6ec286656b5022173",
            "name": "Pauanui"
        }
    },
    {
        "productData": {
            "name": "V Energy Drink Guarana Can 500ml",
            "productId": "v-energy-drink-guarana-can-500ml",
            "productShopPage": "https://pauanui.store.supervalue.co.nz/lines/v-energy-drink-guarana-can-500ml",
            "productImageURL": "https://dtgxwmigmg3gc.cloudfront.net/imagery/assets/derivations/icon/512/512/true/eyJpZCI6ImI0NjgzNGZjNDRkMjU0MjgzYzJjZGNhMzA2NWIxYjA5Iiwic3RvcmFnZSI6InB1YmxpY19zdG9yZSJ9?signature=265e8273409849423466e7623cbbdf8352940707b8830803eec391e8f32c9c5f",
            "productDescription": "",
            "volume": "500ml"
        },
        "priceData": {
            "bestPrice": "4.00",
            "price": "4.00",
            "pricePerLitre": 8.0,
            "bestPricePerLitre": 8.0
        },
        "store": {
            "id": "5e754ef6ec286656b5022173",
            "name": "Pauanui"
        }
    },
    {
        "productData": {
            "name": "V Energy Drink Sugar Free Guarana 500ml",
            "productId": "v-energy-drink-sugar-free-guarana-500ml",
            "productShopPage": "https://pauanui.store.supervalue.co.nz/lines/v-energy-drink-sugar-free-guarana-500ml",
            "productImageURL": "https://dtgxwmigmg3gc.cloudfront.net/imagery/assets/derivations/icon/512/512/true/eyJpZCI6Ijg4MGExMDYxOTY4NTJiYzM1ZTExMmU2MGE2OWYxNDE3Iiwic3RvcmFnZSI6InB1YmxpY19zdG9yZSJ9?signature=b0536d25b9da8158705e24c88e21fabbf85c1dabc19f18108c386e956ffd7045",
            "productDescription": "",
            "volume": "500ml"
        },
        "priceData": {
            "bestPrice": "4.00",
            "price": "4.00",
            "pricePerLitre": 8.0,
            "bestPricePerLitre": 8.0
        },
        "store": {
            "id": "5e754ef6ec286656b5022173",
            "name": "Pauanui"
        }
    },
    {
        "productData": {
            "name": "V Blue Sugarfree Energy Drink 500ml",
            "productId": "v-blue-sugarfree-energy-drink-500ml",
            "productShopPage": "https://pauanui.store.supervalue.co.nz/lines/v-blue-sugarfree-energy-drink-500ml",
            "productImageURL": "https://dtgxwmigmg3gc.cloudfront.net/imagery/assets/derivations/icon/512/512/true/eyJpZCI6ImVmYjQyOWRmM2JjZjc3NTY1ZDIwMTEyNTY0MDdmZjA1Iiwic3RvcmFnZSI6InB1YmxpY19zdG9yZSJ9?signature=2911d59474d8305039a3be3bef0f887c38d9ab84596314b13cc4b150101175ab",
            "productDescription": "",
            "volume": "500ml"
        },
        "priceData": {
            "bestPrice": "4.00",
            "price": "4.00",
            "pricePerLitre": 8.0,
            "bestPricePerLitre": 8.0
        },
        "store": {
            "id": "5e754ef6ec286656b5022173",
            "name": "Pauanui"
        }
    },
    {
        "productData": {
            "name": "V Blue Energy Drink Blue Guarana Can 250ml",
            "productId": "v-blue-energy-drink-blue-guarana-can-250ml",
            "productShopPage": "https://pauanui.store.supervalue.co.nz/lines/v-blue-energy-drink-blue-guarana-can-250ml",
            "productImageURL": "https://dtgxwmigmg3gc.cloudfront.net/imagery/assets/derivations/icon/512/512/true/eyJpZCI6IjBmZjQwNDEyZWQ2ZDk4YTg3YWQ2ZDUyMWZlNjM1YzJkIiwic3RvcmFnZSI6InB1YmxpY19zdG9yZSJ9?signature=8f745abe5614ec47b3d7a07f1a34ba529184a87b2a696211ba5a0f9f29c86bf0",
            "productDescription": "",
            "volume": "250ml"
        },
        "priceData": {
            "bestPrice": "2.40",
            "price": "2.40",
            "pricePerLitre": 9.6,
            "bestPricePerLitre": 9.6
        },
        "store": {
            "id": "5e754ef6ec286656b5022173",
            "name": "Pauanui"
        }
    },
    {
        "productData": {
            "name": "V Blue Energy Drink Blue Guarana Can 500ml",
            "productId": "v-blue-energy-drink-blue-guarana-can-500ml",
            "productShopPage": "https://pauanui.store.supervalue.co.nz/lines/v-blue-energy-drink-blue-guarana-can-500ml",
            "productImageURL": "https://dtgxwmigmg3gc.cloudfront.net/imagery/assets/derivations/icon/512/512/true/eyJpZCI6ImFmYjEyYjVjYTU2YWI5ZDJhMTVmNGY2MDg2NWFlNzgxIiwic3RvcmFnZSI6InB1YmxpY19zdG9yZSJ9?signature=b537a8cc5a2c0f90f1702b2c541db44c3a740a0ec4a96e92ab2d6537f9320e8d",
            "productDescription": "",
            "volume": "500ml"
        },
        "priceData": {
            "bestPrice": "4.00",
            "price": "4.00",
            "pricePerLitre": 8.0,
            "bestPricePerLitre": 8.0
        },
        "store": {
            "id": "5e754ef6ec286656b5022173",
            "name": "Pauanui"
        }
    },
    {
        "productData": {
            "name": "V Energy Drink Sugar Free Guarana Bottle 350ml",
            "productId": "v-energy-drink-sugar-free-guarana-bottle-350ml",
            "productShopPage": "https://pauanui.store.supervalue.co.nz/lines/v-energy-drink-sugar-free-guarana-bottle-350ml",
            "productImageURL": "https://dtgxwmigmg3gc.cloudfront.net/imagery/assets/derivations/icon/512/512/true/eyJpZCI6ImM4MGVkZDY3Mjg5MTdjYTdhMTgxMzUxMTVkZmFlNzcxIiwic3RvcmFnZSI6InB1YmxpY19zdG9yZSJ9?signature=bfa701331e490bfdd2ed98e1c24e4f875f18a45383fc75ce599441cb0aa072cd",
            "productDescription": "",
            "volume": "350ml"
        },
        "priceData": {
            "bestPrice": "4.00",
            "price": "4.00",
            "pricePerLitre": 11.428571428571429,
            "bestPricePerLitre": 11.428571428571429
        },
        "store": {
            "id": "5e754ef6ec286656b5022173",
            "name": "Pauanui"
        }
    },
    {
        "productData": {
            "name": "Monster Super Fuel Zero Sugar 550ml",
            "productId": "monster-super-fuel-zero-sugar-550ml",
            "productShopPage": "https://pauanui.store.supervalue.co.nz/lines/monster-super-fuel-zero-sugar-550ml",
            "productImageURL": "https://dtgxwmigmg3gc.cloudfront.net/imagery/assets/derivations/icon/512/512/true/eyJpZCI6IjY3MjMyNWYxY2I3ZmU0ZTA1MThmNDhjNDhlODM4MDY1Iiwic3RvcmFnZSI6InB1YmxpY19zdG9yZSJ9?signature=b7227b86ec894bac082ac13fc5cca73f6b02d9cd28e8faf04f161ef8a679b36b",
            "productDescription": "",
            "volume": "550ml"
        },
        "priceData": {
            "bestPrice": "4.70",
            "price": "4.70",
            "pricePerLitre": 8.545454545454545,
            "bestPricePerLitre": 8.545454545454545
        },
        "store": {
            "id": "5e754ef6ec286656b5022173",
            "name": "Pauanui"
        }
    },
    {
        "productData": {
            "name": "Monster Energy Pipeline Punch 500ml",
            "productId": "monster-energy-pipeline-punch-500ml",
            "productShopPage": "https://pauanui.store.supervalue.co.nz/lines/monster-energy-pipeline-punch-500ml",
            "productImageURL": "https://dtgxwmigmg3gc.cloudfront.net/imagery/assets/derivations/icon/512/512/true/eyJpZCI6IjBhODJhZGNkMWY5YThiMWQ5ZjY0YjRjNGE0YWQwMzMxIiwic3RvcmFnZSI6InB1YmxpY19zdG9yZSJ9?signature=7a4880545cb059c8f06a41c671fb0785b7cddf3903741ed2f081d6bcf2e5189f",
            "productDescription": "",
            "volume": "500ml"
        },
        "priceData": {
            "bestPrice": "3.60",
            "price": "3.60",
            "pricePerLitre": 7.2,
            "bestPricePerLitre": 7.2
        },
        "store": {
            "id": "5e754ef6ec286656b5022173",
            "name": "Pauanui"
        }
    },
    {
        "productData": {
            "name": "Live Plus Energy Drink Citrus Flavour 500ml",
            "productId": "live-plus-persist-500ml",
            "productShopPage": "https://pauanui.store.supervalue.co.nz/lines/live-plus-persist-500ml",
            "productImageURL": "https://dtgxwmigmg3gc.cloudfront.net/imagery/assets/derivations/icon/512/512/true/eyJpZCI6IjFlNWQ5YzI4OWM1N2UzNmYzZmI2NThlMDQzZTI3ZjE4Iiwic3RvcmFnZSI6InB1YmxpY19zdG9yZSJ9?signature=756b17fefe47174b90e7dbec8cd09db27f9f59f4994bc750b71256ae93ba9fa8",
            "productDescription": "",
            "volume": "500ml"
        },
        "priceData": {
            "bestPrice": "3.20",
            "price": "3.20",
            "pricePerLitre": 6.4,
            "bestPricePerLitre": 6.4
        },
        "store": {
            "id": "5e754ef6ec286656b5022173",
            "name": "Pauanui"
        }
    },
    {
        "productData": {
            "name": "V Guarana Energy Drink Blue Sugarfree 250ml",
            "productId": "v-blue-sugarfree-energy-drink-250ml",
            "productShopPage": "https://pauanui.store.supervalue.co.nz/lines/v-blue-sugarfree-energy-drink-250ml",
            "productImageURL": "https://dtgxwmigmg3gc.cloudfront.net/imagery/assets/derivations/icon/512/512/true/eyJpZCI6IjI3YWJiOTVhYjNhMjEwMDU2MWJhMmRhNTM3YjRhZjVmIiwic3RvcmFnZSI6InB1YmxpY19zdG9yZSJ9?signature=66769306ca1d0ba674603954d338186dc999f6d1839090d49fde9416b3252365",
            "productDescription": "",
            "volume": "250ml"
        },
        "priceData": {
            "bestPrice": "2.40",
            "price": "2.40",
            "pricePerLitre": 9.6,
            "bestPricePerLitre": 9.6
        },
        "store": {
            "id": "5e754ef6ec286656b5022173",
            "name": "Pauanui"
        }
    },
    {
        "productData": {
            "name": "Live Plus Energy Drink Tart Apple Apple Flavour 250ml",
            "productId": "live-plus-energy-drink-tart-apple-apple-flavour-250ml",
            "productShopPage": "https://pauanui.store.supervalue.co.nz/lines/live-plus-energy-drink-tart-apple-apple-flavour-250ml",
            "productImageURL": "https://dtgxwmigmg3gc.cloudfront.net/imagery/assets/derivations/icon/512/512/true/eyJpZCI6ImYzMGEyNDQ5YmI4YTkxZTMzNjM2ZGY3NWJlNTc2Mjg1Iiwic3RvcmFnZSI6InB1YmxpY19zdG9yZSJ9?signature=2a08b4915e71c4f4630a68f5915a1cf5b1f4bbc14de24d902f46492cc9ea7b1f",
            "productDescription": "",
            "volume": "250ml"
        },
        "priceData": {
            "bestPrice": "2.50",
            "price": "2.50",
            "pricePerLitre": 10.0,
            "bestPricePerLitre": 10.0
        },
        "store": {
            "id": "5e754ef6ec286656b5022173",
            "name": "Pauanui"
        }
    },
    {
        "productData": {
            "name": "Live Plus Energy Drink Original Cans 250ml",
            "productId": "live-plus-energy-drink-original-cans-250ml",
            "productShopPage": "https://pauanui.store.supervalue.co.nz/lines/live-plus-energy-drink-original-cans-250ml",
            "productImageURL": "https://dtgxwmigmg3gc.cloudfront.net/imagery/assets/derivations/icon/512/512/true/eyJpZCI6IjJkOWMwNTExZWI5MDY3MmRhYzk2OWQzYTlmMDZlMzg4Iiwic3RvcmFnZSI6InB1YmxpY19zdG9yZSJ9?signature=ca15999b181bd95a0f396d2cd4687f7864bd189801bd1939021ec51f40f803ee",
            "productDescription": "",
            "volume": "250ml"
        },
        "priceData": {
            "bestPrice": "2.50",
            "price": "2.50",
            "pricePerLitre": 10.0,
            "bestPricePerLitre": 10.0
        },
        "store": {
            "id": "5e754ef6ec286656b5022173",
            "name": "Pauanui"
        }
    },
    {
        "productData": {
            "name": "V Refresh Energy Drink Citrus Lemonade 500ml Can 500ml",
            "productId": "v-refresh-energy-drink-citrus-lemonade-500ml-can-500ml",
            "productShopPage": "https://pyespa.store.supervalue.co.nz/lines/v-refresh-energy-drink-citrus-lemonade-500ml-can-500ml",
            "productImageURL": "https://dtgxwmigmg3gc.cloudfront.net/imagery/assets/derivations/icon/512/512/true/eyJpZCI6IjVlN2QyZDg4OTlkNWVhZDc1OTM3YzEwZDgwOTg1NjJmIiwic3RvcmFnZSI6InB1YmxpY19zdG9yZSJ9?signature=35586a0457373f804173605ba7f35fb0b256a119e67175911e869a6f42785c11",
            "productDescription": "",
            "volume": "500ml"
        },
        "priceData": {
            "bestPrice": "3.30",
            "price": "3.30",
            "pricePerLitre": 6.6,
            "bestPricePerLitre": 6.6
        },
        "store": {
            "id": "5e792ba4d7477633d806f99d",
            "name": "Pyes Pa"
        }
    },
    {
        "productData": {
            "name": "V Refresh Energy Drink Pineapple Watermelon 500ml Can 500ml",
            "productId": "v-refresh-energy-drink-pineapple-watermelon-500ml-can-500ml",
            "productShopPage": "https://pyespa.store.supervalue.co.nz/lines/v-refresh-energy-drink-pineapple-watermelon-500ml-can-500ml",
            "productImageURL": "https://dtgxwmigmg3gc.cloudfront.net/imagery/assets/derivations/icon/512/512/true/eyJpZCI6IjgzMTBmY2EwMzFkODkxOTAxNDFmYWNhMjZhZmFlZTI0Iiwic3RvcmFnZSI6InB1YmxpY19zdG9yZSJ9?signature=2062a73b018e86e0e6858a08c9fea597971ea894ef5eee6cfb310bcaa3201c6f",
            "productDescription": "",
            "volume": "500ml"
        },
        "priceData": {
            "bestPrice": "3.30",
            "price": "3.30",
            "pricePerLitre": 6.6,
            "bestPricePerLitre": 6.6
        },
        "store": {
            "id": "5e792ba4d7477633d806f99d",
            "name": "Pyes Pa"
        }
    },
    {
        "productData": {
            "name": "Monster Energy Drink Ultra Gold 500ml",
            "productId": "monster-energy-drink-ultra-gold-500ml",
            "productShopPage": "https://pyespa.store.supervalue.co.nz/lines/monster-energy-drink-ultra-gold-500ml",
            "productImageURL": "https://dtgxwmigmg3gc.cloudfront.net/imagery/assets/derivations/icon/512/512/true/eyJpZCI6ImM3MmEwNWIyMjE0YTAzMjcyNzFhYjMyZTI4Zjk4MGFhIiwic3RvcmFnZSI6InB1YmxpY19zdG9yZSJ9?signature=b4f295a92992569de94ae4176268ca4a850af7b8377f28e19d8ddb65e0e09cc2",
            "productDescription": "",
            "volume": "500ml"
        },
        "priceData": {
            "bestPrice": "3.60",
            "price": "3.60",
            "pricePerLitre": 7.2,
            "bestPricePerLitre": 7.2
        },
        "store": {
            "id": "5e792ba4d7477633d806f99d",
            "name": "Pyes Pa"
        }
    },
    {
        "productData": {
            "name": "Mother Kicked Apple 500ml",
            "productId": "mother-kicked-apple-500ml",
            "productShopPage": "https://pyespa.store.supervalue.co.nz/lines/mother-kicked-apple-500ml",
            "productImageURL": "https://dtgxwmigmg3gc.cloudfront.net/imagery/assets/derivations/icon/512/512/true/eyJpZCI6IjNhZTlkYjkwYTM4MDFjMGEwYjUwYThhMDAwYjkyZjM0Iiwic3RvcmFnZSI6InB1YmxpY19zdG9yZSJ9?signature=c1a1db0a5d7b074c388cf08560fd44a4a2b6127821554198e54eeea8474325f6",
            "productDescription": "",
            "volume": "500ml"
        },
        "priceData": {
            "bestPrice": "3.20",
            "price": "3.20",
            "pricePerLitre": 6.4,
            "bestPricePerLitre": 6.4
        },
        "store": {
            "id": "5e792ba4d7477633d806f99d",
            "name": "Pyes Pa"
        }
    },
    {
        "productData": {
            "name": "Monster Energy Ultra Zero 500ml Can 500ml",
            "productId": "monster-energy-ultra-zero-500ml",
            "productShopPage": "https://pyespa.store.supervalue.co.nz/lines/monster-energy-ultra-zero-500ml",
            "productImageURL": "https://dtgxwmigmg3gc.cloudfront.net/imagery/assets/derivations/icon/512/512/true/eyJpZCI6IjE2ZDZhZmVkN2M0YjVjMzRmMjExNGJhNWQyMzhlOTQ4Iiwic3RvcmFnZSI6InB1YmxpY19zdG9yZSJ9?signature=10ef7ab522a8389710a24973bac3bd88af990f17b5da987fda62632f41e72ced",
            "productDescription": "",
            "volume": "500ml"
        },
        "priceData": {
            "bestPrice": "3.60",
            "price": "3.60",
            "pricePerLitre": 7.2,
            "bestPricePerLitre": 7.2
        },
        "store": {
            "id": "5e792ba4d7477633d806f99d",
            "name": "Pyes Pa"
        }
    },
    {
        "productData": {
            "name": "Monster Energy Green 500ml",
            "productId": "monster-energy-green-500ml",
            "productShopPage": "https://pyespa.store.supervalue.co.nz/lines/monster-energy-green-500ml",
            "productImageURL": "https://dtgxwmigmg3gc.cloudfront.net/imagery/assets/derivations/icon/512/512/true/eyJpZCI6IjdlMWQ4YzE4OWEzYjkxOWExNTNiZDRmMGNhMjA0MGFjIiwic3RvcmFnZSI6InB1YmxpY19zdG9yZSJ9?signature=7d8e276d7131e46748c715b58473be8fec7d21f3d10abd6d108f8b0cb856d4a3",
            "productDescription": "",
            "volume": "500ml"
        },
        "priceData": {
            "bestPrice": "3.60",
            "price": "3.60",
            "pricePerLitre": 7.2,
            "bestPricePerLitre": 7.2
        },
        "store": {
            "id": "5e792ba4d7477633d806f99d",
            "name": "Pyes Pa"
        }
    },
    {
        "productData": {
            "name": "Mother Energy Drink Berry 500ml",
            "productId": "mother-energy-drink-berry-500ml",
            "productShopPage": "https://pyespa.store.supervalue.co.nz/lines/mother-energy-drink-berry-500ml",
            "productImageURL": "https://dtgxwmigmg3gc.cloudfront.net/imagery/assets/derivations/icon/512/512/true/eyJpZCI6ImRhYTJlNjUzNzRjZjViNjI0ZDljNzUzNDA3YmE0ZDFkIiwic3RvcmFnZSI6InB1YmxpY19zdG9yZSJ9?signature=d9ffb465d71d599811c2ff7a788845bfe297eb3624ad7866a89cf0b3ece073f0",
            "productDescription": "",
            "volume": "500ml"
        },
        "priceData": {
            "bestPrice": "3.20",
            "price": "3.20",
            "pricePerLitre": 6.4,
            "bestPricePerLitre": 6.4
        },
        "store": {
            "id": "5e792ba4d7477633d806f99d",
            "name": "Pyes Pa"
        }
    },
    {
        "productData": {
            "name": "Mother Energy Drink Black 500ml",
            "productId": "mother-energy-drink-black-500ml",
            "productShopPage": "https://pyespa.store.supervalue.co.nz/lines/mother-energy-drink-black-500ml",
            "productImageURL": "https://dtgxwmigmg3gc.cloudfront.net/imagery/assets/derivations/icon/512/512/true/eyJpZCI6ImYyMzA5MjhkYjg3ODFhYmYzZDU3ZjE1YjNmYzU2MWFjIiwic3RvcmFnZSI6InB1YmxpY19zdG9yZSJ9?signature=d3dbddb83d3d457075cd5d8936bef0c5b48fce4fa3fe725995d8b6d57219ceb5",
            "productDescription": "",
            "volume": "500ml"
        },
        "priceData": {
            "bestPrice": "3.20",
            "price": "3.20",
            "pricePerLitre": 6.4,
            "bestPricePerLitre": 6.4
        },
        "store": {
            "id": "5e792ba4d7477633d806f99d",
            "name": "Pyes Pa"
        }
    },
    {
        "productData": {
            "name": "Mother Energy Drink Passion 500ml",
            "productId": "mother-energy-drink-passion-500ml",
            "productShopPage": "https://pyespa.store.supervalue.co.nz/lines/mother-energy-drink-passion-500ml",
            "productImageURL": "https://dtgxwmigmg3gc.cloudfront.net/imagery/assets/derivations/icon/512/512/true/eyJpZCI6ImFkZDQ3ZmI4MGJjMmU2ZTgxNDcxNDRhYWFmOWZkYzViIiwic3RvcmFnZSI6InB1YmxpY19zdG9yZSJ9?signature=c8aea44ce6ff965b9e87fcb9f60849b0328e9b8983b9d5547e51c910f8f5368b",
            "productDescription": "",
            "volume": "500ml"
        },
        "priceData": {
            "bestPrice": "3.20",
            "price": "3.20",
            "pricePerLitre": 6.4,
            "bestPricePerLitre": 6.4
        },
        "store": {
            "id": "5e792ba4d7477633d806f99d",
            "name": "Pyes Pa"
        }
    },
    {
        "productData": {
            "name": "Mother Epic Swell Energy Drink Twisted Apple 500ml",
            "productId": "mother-epic-swell-energy-drink-twisted-apple-500ml",
            "productShopPage": "https://pyespa.store.supervalue.co.nz/lines/mother-epic-swell-energy-drink-twisted-apple-500ml",
            "productImageURL": "https://dtgxwmigmg3gc.cloudfront.net/imagery/assets/derivations/icon/512/512/true/eyJpZCI6IjE3NGY3OWU3NDkwYTQ5MGE4NGFkNjYzZjVlODdjNzlmIiwic3RvcmFnZSI6InB1YmxpY19zdG9yZSJ9?signature=8b8c94eb83ff8e282e2c9309d499d02862cc0d052bea74cb186828b6e121cc4e",
            "productDescription": "",
            "volume": "500ml"
        },
        "priceData": {
            "bestPrice": "3.20",
            "price": "3.20",
            "pricePerLitre": 6.4,
            "bestPricePerLitre": 6.4
        },
        "store": {
            "id": "5e792ba4d7477633d806f99d",
            "name": "Pyes Pa"
        }
    },
    {
        "productData": {
            "name": "Monster Energy Juice Mango Loco 500ml",
            "productId": "monster-energy-juice-mango-loco-500ml-can",
            "productShopPage": "https://pyespa.store.supervalue.co.nz/lines/monster-energy-juice-mango-loco-500ml-can",
            "productImageURL": "https://dtgxwmigmg3gc.cloudfront.net/imagery/assets/derivations/icon/512/512/true/eyJpZCI6ImFiNTMzOTMyOWEwYWQ0NzdjMjJjNjlkMzQxZTNhOGQxIiwic3RvcmFnZSI6InB1YmxpY19zdG9yZSJ9?signature=68e99f74abe4c896ded0dd7313a3b51988c1e1a783fd4322eb0d59affb53ec54",
            "productDescription": "",
            "volume": "500ml"
        },
        "priceData": {
            "bestPrice": "3.60",
            "price": "3.60",
            "pricePerLitre": 7.2,
            "bestPricePerLitre": 7.2
        },
        "store": {
            "id": "5e792ba4d7477633d806f99d",
            "name": "Pyes Pa"
        }
    },
    {
        "productData": {
            "name": "V Energy Drink Guarana 500ml",
            "productId": "v-energy-drink-guarana-500ml",
            "productShopPage": "https://pyespa.store.supervalue.co.nz/lines/v-energy-drink-guarana-500ml",
            "productImageURL": "https://dtgxwmigmg3gc.cloudfront.net/imagery/assets/derivations/icon/512/512/true/eyJpZCI6IjgzZDAxMjhiMzg4NmEwZmE4YTE2ZjY2NWIzNmM2NzI2Iiwic3RvcmFnZSI6InB1YmxpY19zdG9yZSJ9?signature=f55ecc561066291a4e74a967db35ea2355f881bd1708bf400fd790032384ae4f",
            "productDescription": "",
            "volume": "500ml"
        },
        "priceData": {
            "bestPrice": "2.70",
            "price": "2.70",
            "pricePerLitre": 5.4,
            "bestPricePerLitre": 5.4
        },
        "store": {
            "id": "5e792ba4d7477633d806f99d",
            "name": "Pyes Pa"
        }
    },
    {
        "productData": {
            "name": "V Energy Drink Sugar Free Guarana 250ml",
            "productId": "v-energy-drink-sugar-free-guarana-250ml",
            "productShopPage": "https://pyespa.store.supervalue.co.nz/lines/v-energy-drink-sugar-free-guarana-250ml",
            "productImageURL": "https://dtgxwmigmg3gc.cloudfront.net/imagery/assets/derivations/icon/512/512/true/eyJpZCI6ImZiNzM1NmU4NTMyZDllODlkZTljZmNlOGY2MzQ5NGQwIiwic3RvcmFnZSI6InB1YmxpY19zdG9yZSJ9?signature=72b0ce0a48ca796717c115fe5e8b4564501470f63bf80ae865d26e9d131a2b8c",
            "productDescription": "",
            "volume": "250ml"
        },
        "priceData": {
            "bestPrice": "2.40",
            "price": "2.40",
            "pricePerLitre": 9.6,
            "bestPricePerLitre": 9.6
        },
        "store": {
            "id": "5e792ba4d7477633d806f99d",
            "name": "Pyes Pa"
        }
    },
    {
        "productData": {
            "name": "V Energy Drink Blue Guarana Spritzed 350ml",
            "productId": "v-blue-energy-drink-blue-guarana-spritzed-350ml",
            "productShopPage": "https://pyespa.store.supervalue.co.nz/lines/v-blue-energy-drink-blue-guarana-spritzed-350ml",
            "productImageURL": "https://dtgxwmigmg3gc.cloudfront.net/imagery/assets/derivations/icon/512/512/true/eyJpZCI6ImY2OTRlZGI4NjdlNWMzZDM5NzgzMDQ0ODFkMzUxZGZiIiwic3RvcmFnZSI6InB1YmxpY19zdG9yZSJ9?signature=591b3079cb9c2407a29b3bc348eaf42dc1d34daba5c9d7aba65be654725b6719",
            "productDescription": "",
            "volume": "350ml"
        },
        "priceData": {
            "bestPrice": "4.00",
            "price": "4.00",
            "pricePerLitre": 11.428571428571429,
            "bestPricePerLitre": 11.428571428571429
        },
        "store": {
            "id": "5e792ba4d7477633d806f99d",
            "name": "Pyes Pa"
        }
    },
    {
        "productData": {
            "name": "V Energy Drink Green Guarana 350ml",
            "productId": "v-energy-drink-green-guarana-350ml",
            "productShopPage": "https://pyespa.store.supervalue.co.nz/lines/v-energy-drink-green-guarana-350ml",
            "productImageURL": "https://dtgxwmigmg3gc.cloudfront.net/imagery/assets/derivations/icon/512/512/true/eyJpZCI6IjRiNjY4ZjYxOTQ2ODYyN2MzM2NiZWMyNGUyNmIyODk4Iiwic3RvcmFnZSI6InB1YmxpY19zdG9yZSJ9?signature=4cded9cb42349eef45a593461f311b1bb7fa881295733879671ad9fe9887d30c",
            "productDescription": "",
            "volume": "350ml"
        },
        "priceData": {
            "bestPrice": "4.00",
            "price": "4.00",
            "pricePerLitre": 11.428571428571429,
            "bestPricePerLitre": 11.428571428571429
        },
        "store": {
            "id": "5e792ba4d7477633d806f99d",
            "name": "Pyes Pa"
        }
    },
    {
        "productData": {
            "name": "V Energy Drink Guarana Can 250ml",
            "productId": "v-energy-drink-guarana-can-250ml",
            "productShopPage": "https://pyespa.store.supervalue.co.nz/lines/v-energy-drink-guarana-can-250ml",
            "productImageURL": "https://dtgxwmigmg3gc.cloudfront.net/imagery/assets/derivations/icon/512/512/true/eyJpZCI6Ijc3Nzk1NjE2ZDhhNmFiMThhYzEzODYzOTg2ZmNkNzgwIiwic3RvcmFnZSI6InB1YmxpY19zdG9yZSJ9?signature=f5de1854d43e19cc62bff86893d4a55615cd916f8425a4dccd170b52eba81255",
            "productDescription": "",
            "volume": "250ml"
        },
        "priceData": {
            "bestPrice": "2.40",
            "price": "2.40",
            "pricePerLitre": 9.6,
            "bestPricePerLitre": 9.6
        },
        "store": {
            "id": "5e792ba4d7477633d806f99d",
            "name": "Pyes Pa"
        }
    },
    {
        "productData": {
            "name": "V Energy Drink Guarana Can 500ml",
            "productId": "v-energy-drink-guarana-can-500ml",
            "productShopPage": "https://pyespa.store.supervalue.co.nz/lines/v-energy-drink-guarana-can-500ml",
            "productImageURL": "https://dtgxwmigmg3gc.cloudfront.net/imagery/assets/derivations/icon/512/512/true/eyJpZCI6ImI0NjgzNGZjNDRkMjU0MjgzYzJjZGNhMzA2NWIxYjA5Iiwic3RvcmFnZSI6InB1YmxpY19zdG9yZSJ9?signature=265e8273409849423466e7623cbbdf8352940707b8830803eec391e8f32c9c5f",
            "productDescription": "",
            "volume": "500ml"
        },
        "priceData": {
            "bestPrice": "4.00",
            "price": "4.00",
            "pricePerLitre": 8.0,
            "bestPricePerLitre": 8.0
        },
        "store": {
            "id": "5e792ba4d7477633d806f99d",
            "name": "Pyes Pa"
        }
    },
    {
        "productData": {
            "name": "V Blue Energy Drink Bottle 500ml",
            "productId": "v-blue-energy-drink-bottle-500ml",
            "productShopPage": "https://pyespa.store.supervalue.co.nz/lines/v-blue-energy-drink-bottle-500ml",
            "productImageURL": "https://dtgxwmigmg3gc.cloudfront.net/imagery/assets/derivations/icon/512/512/true/eyJpZCI6IjgyYWYxYWY4MGI4MzUxODhiYmVhZGVhM2U2NzY0MzI5Iiwic3RvcmFnZSI6InB1YmxpY19zdG9yZSJ9?signature=7e70fc576864a528a1431734d680cbf177a11b419a692dbfd34800c31b8944ec",
            "productDescription": "",
            "volume": "500ml"
        },
        "priceData": {
            "bestPrice": "2.70",
            "price": "2.70",
            "pricePerLitre": 5.4,
            "bestPricePerLitre": 5.4
        },
        "store": {
            "id": "5e792ba4d7477633d806f99d",
            "name": "Pyes Pa"
        }
    },
    {
        "productData": {
            "name": "V Blue Sugarfree Energy Drink 500ml",
            "productId": "v-blue-sugarfree-energy-drink-500ml",
            "productShopPage": "https://pyespa.store.supervalue.co.nz/lines/v-blue-sugarfree-energy-drink-500ml",
            "productImageURL": "https://dtgxwmigmg3gc.cloudfront.net/imagery/assets/derivations/icon/512/512/true/eyJpZCI6ImVmYjQyOWRmM2JjZjc3NTY1ZDIwMTEyNTY0MDdmZjA1Iiwic3RvcmFnZSI6InB1YmxpY19zdG9yZSJ9?signature=2911d59474d8305039a3be3bef0f887c38d9ab84596314b13cc4b150101175ab",
            "productDescription": "",
            "volume": "500ml"
        },
        "priceData": {
            "bestPrice": "4.00",
            "price": "4.00",
            "pricePerLitre": 8.0,
            "bestPricePerLitre": 8.0
        },
        "store": {
            "id": "5e792ba4d7477633d806f99d",
            "name": "Pyes Pa"
        }
    },
    {
        "productData": {
            "name": "V Blue Energy Drink Blue Guarana Can 500ml",
            "productId": "v-blue-energy-drink-blue-guarana-can-500ml",
            "productShopPage": "https://pyespa.store.supervalue.co.nz/lines/v-blue-energy-drink-blue-guarana-can-500ml",
            "productImageURL": "https://dtgxwmigmg3gc.cloudfront.net/imagery/assets/derivations/icon/512/512/true/eyJpZCI6ImFmYjEyYjVjYTU2YWI5ZDJhMTVmNGY2MDg2NWFlNzgxIiwic3RvcmFnZSI6InB1YmxpY19zdG9yZSJ9?signature=b537a8cc5a2c0f90f1702b2c541db44c3a740a0ec4a96e92ab2d6537f9320e8d",
            "productDescription": "",
            "volume": "500ml"
        },
        "priceData": {
            "bestPrice": "4.00",
            "price": "4.00",
            "pricePerLitre": 8.0,
            "bestPricePerLitre": 8.0
        },
        "store": {
            "id": "5e792ba4d7477633d806f99d",
            "name": "Pyes Pa"
        }
    },
    {
        "productData": {
            "name": "V Energy Drink Sugar Free Guarana Bottle 350ml",
            "productId": "v-energy-drink-sugar-free-guarana-bottle-350ml",
            "productShopPage": "https://pyespa.store.supervalue.co.nz/lines/v-energy-drink-sugar-free-guarana-bottle-350ml",
            "productImageURL": "https://dtgxwmigmg3gc.cloudfront.net/imagery/assets/derivations/icon/512/512/true/eyJpZCI6ImM4MGVkZDY3Mjg5MTdjYTdhMTgxMzUxMTVkZmFlNzcxIiwic3RvcmFnZSI6InB1YmxpY19zdG9yZSJ9?signature=bfa701331e490bfdd2ed98e1c24e4f875f18a45383fc75ce599441cb0aa072cd",
            "productDescription": "",
            "volume": "350ml"
        },
        "priceData": {
            "bestPrice": "4.00",
            "price": "4.00",
            "pricePerLitre": 11.428571428571429,
            "bestPricePerLitre": 11.428571428571429
        },
        "store": {
            "id": "5e792ba4d7477633d806f99d",
            "name": "Pyes Pa"
        }
    },
    {
        "productData": {
            "name": "V Pure Energy Drink Bottle 330ml",
            "productId": "v-pure-330ml-bottle",
            "productShopPage": "https://pyespa.store.supervalue.co.nz/lines/v-pure-330ml-bottle",
            "productImageURL": "https://dtgxwmigmg3gc.cloudfront.net/imagery/assets/derivations/icon/512/512/true/eyJpZCI6ImFjZmFlNGE1MmQ1ZmNhOTVhN2IyNzdhOGQ3ZTBjNTY0Iiwic3RvcmFnZSI6InB1YmxpY19zdG9yZSJ9?signature=ff03797de044ef70d02854192249a79b3cd819353c7171ef7358378e76bfc089",
            "productDescription": "",
            "volume": "330ml"
        },
        "priceData": {
            "bestPrice": "3.79",
            "price": "3.79",
            "pricePerLitre": 11.484848484848484,
            "bestPricePerLitre": 11.484848484848484
        },
        "store": {
            "id": "5e792ba4d7477633d806f99d",
            "name": "Pyes Pa"
        }
    },
    {
        "productData": {
            "name": "Monster Super Fuel Zero Sugar 550ml",
            "productId": "monster-super-fuel-zero-sugar-550ml",
            "productShopPage": "https://pyespa.store.supervalue.co.nz/lines/monster-super-fuel-zero-sugar-550ml",
            "productImageURL": "https://dtgxwmigmg3gc.cloudfront.net/imagery/assets/derivations/icon/512/512/true/eyJpZCI6IjY3MjMyNWYxY2I3ZmU0ZTA1MThmNDhjNDhlODM4MDY1Iiwic3RvcmFnZSI6InB1YmxpY19zdG9yZSJ9?signature=b7227b86ec894bac082ac13fc5cca73f6b02d9cd28e8faf04f161ef8a679b36b",
            "productDescription": "",
            "volume": "550ml"
        },
        "priceData": {
            "bestPrice": "4.70",
            "price": "4.70",
            "pricePerLitre": 8.545454545454545,
            "bestPricePerLitre": 8.545454545454545
        },
        "store": {
            "id": "5e792ba4d7477633d806f99d",
            "name": "Pyes Pa"
        }
    },
    {
        "productData": {
            "name": "Live Plus Energy Drink Citrus Flavour 500ml",
            "productId": "live-plus-persist-500ml",
            "productShopPage": "https://pyespa.store.supervalue.co.nz/lines/live-plus-persist-500ml",
            "productImageURL": "https://dtgxwmigmg3gc.cloudfront.net/imagery/assets/derivations/icon/512/512/true/eyJpZCI6IjFlNWQ5YzI4OWM1N2UzNmYzZmI2NThlMDQzZTI3ZjE4Iiwic3RvcmFnZSI6InB1YmxpY19zdG9yZSJ9?signature=756b17fefe47174b90e7dbec8cd09db27f9f59f4994bc750b71256ae93ba9fa8",
            "productDescription": "",
            "volume": "500ml"
        },
        "priceData": {
            "bestPrice": "3.20",
            "price": "3.20",
            "pricePerLitre": 6.4,
            "bestPricePerLitre": 6.4
        },
        "store": {
            "id": "5e792ba4d7477633d806f99d",
            "name": "Pyes Pa"
        }
    },
    {
        "productData": {
            "name": "Live Plus Energy Drink Original Citrus Flavour 355ml",
            "productId": "live-plus-persist-glass-355ml",
            "productShopPage": "https://pyespa.store.supervalue.co.nz/lines/live-plus-persist-glass-355ml",
            "productImageURL": "https://dtgxwmigmg3gc.cloudfront.net/imagery/assets/derivations/icon/512/512/true/eyJpZCI6ImYzMjZlMTdmMmI5ZGRjZGYzYmFmNzNiMWQzN2Y5NDI4Iiwic3RvcmFnZSI6InB1YmxpY19zdG9yZSJ9?signature=8fa31eb2b309e9c7a293ba2e7a7541e3cdc686b1d3f519044aa97c666ae5f630",
            "productDescription": "",
            "volume": "355ml"
        },
        "priceData": {
            "bestPrice": "2.20",
            "price": "2.20",
            "pricePerLitre": 6.197183098591549,
            "bestPricePerLitre": 6.197183098591549
        },
        "store": {
            "id": "5e792ba4d7477633d806f99d",
            "name": "Pyes Pa"
        }
    },
    {
        "productData": {
            "name": "Live Plus Energy Drink Original Citrus Flavour 6 x 250ml",
            "productId": "live-plus-persist-250ml-6pack",
            "productShopPage": "https://pyespa.store.supervalue.co.nz/lines/live-plus-persist-250ml-6pack",
            "productImageURL": "https://dtgxwmigmg3gc.cloudfront.net/imagery/assets/derivations/icon/512/512/true/eyJpZCI6IjNmODNiNGI4MzI4MzJmNzhjZmJhNDA1OGUyZWFlM2ZhIiwic3RvcmFnZSI6InB1YmxpY19zdG9yZSJ9?signature=0257f943d0c41562773e51cbd42327ad911228832e33494e9c30381e20305337",
            "productDescription": "",
            "volume": "250ml"
        },
        "priceData": {
            "bestPrice": "8.00",
            "price": "8.00",
            "pricePerLitre": 32.0,
            "bestPricePerLitre": 32.0
        },
        "store": {
            "id": "5e792ba4d7477633d806f99d",
            "name": "Pyes Pa"
        }
    },
    {
        "productData": {
            "name": "Rockstar Punched Energy Guava 500ml",
            "productId": "rockstar-punched-energy-guava-500ml",
            "productShopPage": "https://pyespa.store.supervalue.co.nz/lines/rockstar-punched-energy-guava-500ml",
            "productImageURL": "https://dtgxwmigmg3gc.cloudfront.net/imagery/assets/derivations/icon/512/512/true/eyJpZCI6ImEzMDQwMDA1ZTlmNTRmNTczMTYzMDE1Yjk2NTFmZDIxIiwic3RvcmFnZSI6InB1YmxpY19zdG9yZSJ9?signature=bfb6b62e0f648da1212eb37234f40b47cf3251c956e2d837473e2acee3a5a4ef",
            "productDescription": "",
            "volume": "500ml"
        },
        "priceData": {
            "bestPrice": "2.20",
            "price": "2.20",
            "pricePerLitre": 4.4,
            "bestPricePerLitre": 4.4
        },
        "store": {
            "id": "5e792ba4d7477633d806f99d",
            "name": "Pyes Pa"
        }
    },
    {
        "productData": {
            "name": "Monster Super Fuel Tropical Thunder 550ml",
            "productId": "monster-super-fuel-tropical-thunder-550ml",
            "productShopPage": "https://pyespa.store.supervalue.co.nz/lines/monster-super-fuel-tropical-thunder-550ml",
            "productImageURL": "https://dtgxwmigmg3gc.cloudfront.net/imagery/assets/derivations/icon/512/512/true/eyJpZCI6ImU1MDMwZGIyMGNiOTQ2NWRlMWY3OWVkYmMxNGI4Zjg2Iiwic3RvcmFnZSI6InB1YmxpY19zdG9yZSJ9?signature=edda4faf145060b78b7a826b3d26392e4283e9f7f22cebee6de6f90f70d215de",
            "productDescription": "",
            "volume": "550ml"
        },
        "priceData": {
            "bestPrice": "4.70",
            "price": "4.70",
            "pricePerLitre": 8.545454545454545,
            "bestPricePerLitre": 8.545454545454545
        },
        "store": {
            "id": "5e792ba4d7477633d806f99d",
            "name": "Pyes Pa"
        }
    },
    {
        "productData": {
            "name": "V Refresh Energy Drink Citrus Lemonade 500ml Can 500ml",
            "productId": "v-refresh-energy-drink-citrus-lemonade-500ml-can-500ml",
            "productShopPage": "https://raglan.store.supervalue.co.nz/lines/v-refresh-energy-drink-citrus-lemonade-500ml-can-500ml",
            "productImageURL": "https://dtgxwmigmg3gc.cloudfront.net/imagery/assets/derivations/icon/512/512/true/eyJpZCI6IjVlN2QyZDg4OTlkNWVhZDc1OTM3YzEwZDgwOTg1NjJmIiwic3RvcmFnZSI6InB1YmxpY19zdG9yZSJ9?signature=35586a0457373f804173605ba7f35fb0b256a119e67175911e869a6f42785c11",
            "productDescription": "",
            "volume": "500ml"
        },
        "priceData": {
            "bestPrice": "3.30",
            "price": "3.30",
            "pricePerLitre": 6.6,
            "bestPricePerLitre": 6.6
        },
        "store": {
            "id": "5e75a96ffbe98b3c3e00174e",
            "name": "Raglan"
        }
    },
    {
        "productData": {
            "name": "V Refresh Energy Drink Pineapple Watermelon 500ml Can 500ml",
            "productId": "v-refresh-energy-drink-pineapple-watermelon-500ml-can-500ml",
            "productShopPage": "https://raglan.store.supervalue.co.nz/lines/v-refresh-energy-drink-pineapple-watermelon-500ml-can-500ml",
            "productImageURL": "https://dtgxwmigmg3gc.cloudfront.net/imagery/assets/derivations/icon/512/512/true/eyJpZCI6IjgzMTBmY2EwMzFkODkxOTAxNDFmYWNhMjZhZmFlZTI0Iiwic3RvcmFnZSI6InB1YmxpY19zdG9yZSJ9?signature=2062a73b018e86e0e6858a08c9fea597971ea894ef5eee6cfb310bcaa3201c6f",
            "productDescription": "",
            "volume": "500ml"
        },
        "priceData": {
            "bestPrice": "3.30",
            "price": "3.30",
            "pricePerLitre": 6.6,
            "bestPricePerLitre": 6.6
        },
        "store": {
            "id": "5e75a96ffbe98b3c3e00174e",
            "name": "Raglan"
        }
    },
    {
        "productData": {
            "name": "Monster Energy Drink Ultra Gold 500ml",
            "productId": "monster-energy-drink-ultra-gold-500ml",
            "productShopPage": "https://raglan.store.supervalue.co.nz/lines/monster-energy-drink-ultra-gold-500ml",
            "productImageURL": "https://dtgxwmigmg3gc.cloudfront.net/imagery/assets/derivations/icon/512/512/true/eyJpZCI6ImM3MmEwNWIyMjE0YTAzMjcyNzFhYjMyZTI4Zjk4MGFhIiwic3RvcmFnZSI6InB1YmxpY19zdG9yZSJ9?signature=b4f295a92992569de94ae4176268ca4a850af7b8377f28e19d8ddb65e0e09cc2",
            "productDescription": "",
            "volume": "500ml"
        },
        "priceData": {
            "bestPrice": "3.60",
            "price": "3.60",
            "pricePerLitre": 7.2,
            "bestPricePerLitre": 7.2
        },
        "store": {
            "id": "5e75a96ffbe98b3c3e00174e",
            "name": "Raglan"
        }
    },
    {
        "productData": {
            "name": "Mother Kicked Apple 500ml",
            "productId": "mother-kicked-apple-500ml",
            "productShopPage": "https://raglan.store.supervalue.co.nz/lines/mother-kicked-apple-500ml",
            "productImageURL": "https://dtgxwmigmg3gc.cloudfront.net/imagery/assets/derivations/icon/512/512/true/eyJpZCI6IjNhZTlkYjkwYTM4MDFjMGEwYjUwYThhMDAwYjkyZjM0Iiwic3RvcmFnZSI6InB1YmxpY19zdG9yZSJ9?signature=c1a1db0a5d7b074c388cf08560fd44a4a2b6127821554198e54eeea8474325f6",
            "productDescription": "",
            "volume": "500ml"
        },
        "priceData": {
            "bestPrice": "3.20",
            "price": "3.20",
            "pricePerLitre": 6.4,
            "bestPricePerLitre": 6.4
        },
        "store": {
            "id": "5e75a96ffbe98b3c3e00174e",
            "name": "Raglan"
        }
    },
    {
        "productData": {
            "name": "Monster Energy Import 550ml",
            "productId": "monster-energy-import-550ml",
            "productShopPage": "https://raglan.store.supervalue.co.nz/lines/monster-energy-import-550ml",
            "productImageURL": "https://dtgxwmigmg3gc.cloudfront.net/imagery/assets/derivations/icon/512/512/true/eyJpZCI6IjA2NGMxOGY0ZGZmNTVlMTNmNzA4ZjMxMWMyNGZjZjAyIiwic3RvcmFnZSI6InB1YmxpY19zdG9yZSJ9?signature=0b55cb185296dc7565fe1f5b72fcfd3d848728a98d940d66324e3ac86e1d833a",
            "productDescription": "",
            "volume": "550ml"
        },
        "priceData": {
            "bestPrice": "3.69",
            "price": "3.69",
            "pricePerLitre": 6.709090909090909,
            "bestPricePerLitre": 6.709090909090909
        },
        "store": {
            "id": "5e75a96ffbe98b3c3e00174e",
            "name": "Raglan"
        }
    },
    {
        "productData": {
            "name": "Monster Energy Drink Ultra Paradise 500ml",
            "productId": "monster-energy-drink-ultra-paradise-500ml",
            "productShopPage": "https://raglan.store.supervalue.co.nz/lines/monster-energy-drink-ultra-paradise-500ml",
            "productImageURL": "https://dtgxwmigmg3gc.cloudfront.net/imagery/assets/derivations/icon/512/512/true/eyJpZCI6IjU3ZTFkM2FiYTM1NTE5MjBjNGY3YWQ1MDlmN2JiM2FiIiwic3RvcmFnZSI6InB1YmxpY19zdG9yZSJ9?signature=f112dbd2da966f41ee31deb58894dec2d4e327e223dcd676069650d679f43cb5",
            "productDescription": "",
            "volume": "500ml"
        },
        "priceData": {
            "bestPrice": "3.60",
            "price": "3.60",
            "pricePerLitre": 7.2,
            "bestPricePerLitre": 7.2
        },
        "store": {
            "id": "5e75a96ffbe98b3c3e00174e",
            "name": "Raglan"
        }
    },
    {
        "productData": {
            "name": "Monster Energy Ultra Zero 500ml Can 500ml",
            "productId": "monster-energy-ultra-zero-500ml",
            "productShopPage": "https://raglan.store.supervalue.co.nz/lines/monster-energy-ultra-zero-500ml",
            "productImageURL": "https://dtgxwmigmg3gc.cloudfront.net/imagery/assets/derivations/icon/512/512/true/eyJpZCI6IjE2ZDZhZmVkN2M0YjVjMzRmMjExNGJhNWQyMzhlOTQ4Iiwic3RvcmFnZSI6InB1YmxpY19zdG9yZSJ9?signature=10ef7ab522a8389710a24973bac3bd88af990f17b5da987fda62632f41e72ced",
            "productDescription": "",
            "volume": "500ml"
        },
        "priceData": {
            "bestPrice": "3.60",
            "price": "3.60",
            "pricePerLitre": 7.2,
            "bestPricePerLitre": 7.2
        },
        "store": {
            "id": "5e75a96ffbe98b3c3e00174e",
            "name": "Raglan"
        }
    },
    {
        "productData": {
            "name": "Monster Energy Green 500ml",
            "productId": "monster-energy-green-500ml",
            "productShopPage": "https://raglan.store.supervalue.co.nz/lines/monster-energy-green-500ml",
            "productImageURL": "https://dtgxwmigmg3gc.cloudfront.net/imagery/assets/derivations/icon/512/512/true/eyJpZCI6IjdlMWQ4YzE4OWEzYjkxOWExNTNiZDRmMGNhMjA0MGFjIiwic3RvcmFnZSI6InB1YmxpY19zdG9yZSJ9?signature=7d8e276d7131e46748c715b58473be8fec7d21f3d10abd6d108f8b0cb856d4a3",
            "productDescription": "",
            "volume": "500ml"
        },
        "priceData": {
            "bestPrice": "3.60",
            "price": "3.60",
            "pricePerLitre": 7.2,
            "bestPricePerLitre": 7.2
        },
        "store": {
            "id": "5e75a96ffbe98b3c3e00174e",
            "name": "Raglan"
        }
    },
    {
        "productData": {
            "name": "Monster Energy Drink Ultra Rosa 500ml",
            "productId": "monster-energy-drink-ultra-rosa-500ml",
            "productShopPage": "https://raglan.store.supervalue.co.nz/lines/monster-energy-drink-ultra-rosa-500ml",
            "productImageURL": "https://dtgxwmigmg3gc.cloudfront.net/imagery/assets/derivations/icon/512/512/true/eyJpZCI6IjBmZDhiOGI4MDk3NDYzMDI0ZGQ4OTdhYTk2ZmVmMmRiIiwic3RvcmFnZSI6InB1YmxpY19zdG9yZSJ9?signature=b524829083fd581b245f26f999cd130415f1b63b346277cf6a7a0faece216093",
            "productDescription": "",
            "volume": "500ml"
        },
        "priceData": {
            "bestPrice": "3.60",
            "price": "3.60",
            "pricePerLitre": 7.2,
            "bestPricePerLitre": 7.2
        },
        "store": {
            "id": "5e75a96ffbe98b3c3e00174e",
            "name": "Raglan"
        }
    },
    {
        "productData": {
            "name": "Mother Energy Drink Berry 500ml",
            "productId": "mother-energy-drink-berry-500ml",
            "productShopPage": "https://raglan.store.supervalue.co.nz/lines/mother-energy-drink-berry-500ml",
            "productImageURL": "https://dtgxwmigmg3gc.cloudfront.net/imagery/assets/derivations/icon/512/512/true/eyJpZCI6ImRhYTJlNjUzNzRjZjViNjI0ZDljNzUzNDA3YmE0ZDFkIiwic3RvcmFnZSI6InB1YmxpY19zdG9yZSJ9?signature=d9ffb465d71d599811c2ff7a788845bfe297eb3624ad7866a89cf0b3ece073f0",
            "productDescription": "",
            "volume": "500ml"
        },
        "priceData": {
            "bestPrice": "3.20",
            "price": "3.20",
            "pricePerLitre": 6.4,
            "bestPricePerLitre": 6.4
        },
        "store": {
            "id": "5e75a96ffbe98b3c3e00174e",
            "name": "Raglan"
        }
    },
    {
        "productData": {
            "name": "Mother Energy Drink Black 500ml",
            "productId": "mother-energy-drink-black-500ml",
            "productShopPage": "https://raglan.store.supervalue.co.nz/lines/mother-energy-drink-black-500ml",
            "productImageURL": "https://dtgxwmigmg3gc.cloudfront.net/imagery/assets/derivations/icon/512/512/true/eyJpZCI6ImYyMzA5MjhkYjg3ODFhYmYzZDU3ZjE1YjNmYzU2MWFjIiwic3RvcmFnZSI6InB1YmxpY19zdG9yZSJ9?signature=d3dbddb83d3d457075cd5d8936bef0c5b48fce4fa3fe725995d8b6d57219ceb5",
            "productDescription": "",
            "volume": "500ml"
        },
        "priceData": {
            "bestPrice": "3.20",
            "price": "3.20",
            "pricePerLitre": 6.4,
            "bestPricePerLitre": 6.4
        },
        "store": {
            "id": "5e75a96ffbe98b3c3e00174e",
            "name": "Raglan"
        }
    },
    {
        "productData": {
            "name": "Mother Energy Drink Cans 250ml 6 Pack",
            "productId": "mother-energy-drink-6x250ml-cans",
            "productShopPage": "https://raglan.store.supervalue.co.nz/lines/mother-energy-drink-6x250ml-cans",
            "productImageURL": "https://dtgxwmigmg3gc.cloudfront.net/imagery/assets/derivations/icon/512/512/true/eyJpZCI6IjEyOGFhMmU0Y2VkYTU4ZWFkZmVhOWUwZjdlNTZhOTA4Iiwic3RvcmFnZSI6InB1YmxpY19zdG9yZSJ9?signature=5db1908f64527cf28fa7bf3266a83ab854a07ca50453511f7d414d8e6d5c10fb",
            "productDescription": "",
            "volume": "250ml"
        },
        "priceData": {
            "bestPrice": "8.00",
            "price": "8.00",
            "pricePerLitre": 32.0,
            "bestPricePerLitre": 32.0
        },
        "store": {
            "id": "5e75a96ffbe98b3c3e00174e",
            "name": "Raglan"
        }
    },
    {
        "productData": {
            "name": "Mother Energy Drink Passion 500ml",
            "productId": "mother-energy-drink-passion-500ml",
            "productShopPage": "https://raglan.store.supervalue.co.nz/lines/mother-energy-drink-passion-500ml",
            "productImageURL": "https://dtgxwmigmg3gc.cloudfront.net/imagery/assets/derivations/icon/512/512/true/eyJpZCI6ImFkZDQ3ZmI4MGJjMmU2ZTgxNDcxNDRhYWFmOWZkYzViIiwic3RvcmFnZSI6InB1YmxpY19zdG9yZSJ9?signature=c8aea44ce6ff965b9e87fcb9f60849b0328e9b8983b9d5547e51c910f8f5368b",
            "productDescription": "",
            "volume": "500ml"
        },
        "priceData": {
            "bestPrice": "3.20",
            "price": "3.20",
            "pricePerLitre": 6.4,
            "bestPricePerLitre": 6.4
        },
        "store": {
            "id": "5e75a96ffbe98b3c3e00174e",
            "name": "Raglan"
        }
    },
    {
        "productData": {
            "name": "Mother Epic Swell Energy Drink Twisted Apple 500ml",
            "productId": "mother-epic-swell-energy-drink-twisted-apple-500ml",
            "productShopPage": "https://raglan.store.supervalue.co.nz/lines/mother-epic-swell-energy-drink-twisted-apple-500ml",
            "productImageURL": "https://dtgxwmigmg3gc.cloudfront.net/imagery/assets/derivations/icon/512/512/true/eyJpZCI6IjE3NGY3OWU3NDkwYTQ5MGE4NGFkNjYzZjVlODdjNzlmIiwic3RvcmFnZSI6InB1YmxpY19zdG9yZSJ9?signature=8b8c94eb83ff8e282e2c9309d499d02862cc0d052bea74cb186828b6e121cc4e",
            "productDescription": "",
            "volume": "500ml"
        },
        "priceData": {
            "bestPrice": "3.20",
            "price": "3.20",
            "pricePerLitre": 6.4,
            "bestPricePerLitre": 6.4
        },
        "store": {
            "id": "5e75a96ffbe98b3c3e00174e",
            "name": "Raglan"
        }
    },
    {
        "productData": {
            "name": "Monster Energy Juice Mango Loco 500ml",
            "productId": "monster-energy-juice-mango-loco-500ml-can",
            "productShopPage": "https://raglan.store.supervalue.co.nz/lines/monster-energy-juice-mango-loco-500ml-can",
            "productImageURL": "https://dtgxwmigmg3gc.cloudfront.net/imagery/assets/derivations/icon/512/512/true/eyJpZCI6ImFiNTMzOTMyOWEwYWQ0NzdjMjJjNjlkMzQxZTNhOGQxIiwic3RvcmFnZSI6InB1YmxpY19zdG9yZSJ9?signature=68e99f74abe4c896ded0dd7313a3b51988c1e1a783fd4322eb0d59affb53ec54",
            "productDescription": "",
            "volume": "500ml"
        },
        "priceData": {
            "bestPrice": "3.60",
            "price": "3.60",
            "pricePerLitre": 7.2,
            "bestPricePerLitre": 7.2
        },
        "store": {
            "id": "5e75a96ffbe98b3c3e00174e",
            "name": "Raglan"
        }
    },
    {
        "productData": {
            "name": "V Energy Drink Guarana 500ml",
            "productId": "v-energy-drink-guarana-500ml",
            "productShopPage": "https://raglan.store.supervalue.co.nz/lines/v-energy-drink-guarana-500ml",
            "productImageURL": "https://dtgxwmigmg3gc.cloudfront.net/imagery/assets/derivations/icon/512/512/true/eyJpZCI6IjgzZDAxMjhiMzg4NmEwZmE4YTE2ZjY2NWIzNmM2NzI2Iiwic3RvcmFnZSI6InB1YmxpY19zdG9yZSJ9?signature=f55ecc561066291a4e74a967db35ea2355f881bd1708bf400fd790032384ae4f",
            "productDescription": "",
            "volume": "500ml"
        },
        "priceData": {
            "bestPrice": "2.70",
            "price": "2.70",
            "pricePerLitre": 5.4,
            "bestPricePerLitre": 5.4
        },
        "store": {
            "id": "5e75a96ffbe98b3c3e00174e",
            "name": "Raglan"
        }
    },
    {
        "productData": {
            "name": "V Energy Drink Sugar Free Guarana 250ml",
            "productId": "v-energy-drink-sugar-free-guarana-250ml",
            "productShopPage": "https://raglan.store.supervalue.co.nz/lines/v-energy-drink-sugar-free-guarana-250ml",
            "productImageURL": "https://dtgxwmigmg3gc.cloudfront.net/imagery/assets/derivations/icon/512/512/true/eyJpZCI6ImZiNzM1NmU4NTMyZDllODlkZTljZmNlOGY2MzQ5NGQwIiwic3RvcmFnZSI6InB1YmxpY19zdG9yZSJ9?signature=72b0ce0a48ca796717c115fe5e8b4564501470f63bf80ae865d26e9d131a2b8c",
            "productDescription": "",
            "volume": "250ml"
        },
        "priceData": {
            "bestPrice": "2.40",
            "price": "2.40",
            "pricePerLitre": 9.6,
            "bestPricePerLitre": 9.6
        },
        "store": {
            "id": "5e75a96ffbe98b3c3e00174e",
            "name": "Raglan"
        }
    },
    {
        "productData": {
            "name": "V Energy Drink Blue Guarana Spritzed 350ml",
            "productId": "v-blue-energy-drink-blue-guarana-spritzed-350ml",
            "productShopPage": "https://raglan.store.supervalue.co.nz/lines/v-blue-energy-drink-blue-guarana-spritzed-350ml",
            "productImageURL": "https://dtgxwmigmg3gc.cloudfront.net/imagery/assets/derivations/icon/512/512/true/eyJpZCI6ImY2OTRlZGI4NjdlNWMzZDM5NzgzMDQ0ODFkMzUxZGZiIiwic3RvcmFnZSI6InB1YmxpY19zdG9yZSJ9?signature=591b3079cb9c2407a29b3bc348eaf42dc1d34daba5c9d7aba65be654725b6719",
            "productDescription": "",
            "volume": "350ml"
        },
        "priceData": {
            "bestPrice": "4.00",
            "price": "4.00",
            "pricePerLitre": 11.428571428571429,
            "bestPricePerLitre": 11.428571428571429
        },
        "store": {
            "id": "5e75a96ffbe98b3c3e00174e",
            "name": "Raglan"
        }
    },
    {
        "productData": {
            "name": "V Energy Drink Green Guarana 350ml",
            "productId": "v-energy-drink-green-guarana-350ml",
            "productShopPage": "https://raglan.store.supervalue.co.nz/lines/v-energy-drink-green-guarana-350ml",
            "productImageURL": "https://dtgxwmigmg3gc.cloudfront.net/imagery/assets/derivations/icon/512/512/true/eyJpZCI6IjRiNjY4ZjYxOTQ2ODYyN2MzM2NiZWMyNGUyNmIyODk4Iiwic3RvcmFnZSI6InB1YmxpY19zdG9yZSJ9?signature=4cded9cb42349eef45a593461f311b1bb7fa881295733879671ad9fe9887d30c",
            "productDescription": "",
            "volume": "350ml"
        },
        "priceData": {
            "bestPrice": "4.00",
            "price": "4.00",
            "pricePerLitre": 11.428571428571429,
            "bestPricePerLitre": 11.428571428571429
        },
        "store": {
            "id": "5e75a96ffbe98b3c3e00174e",
            "name": "Raglan"
        }
    },
    {
        "productData": {
            "name": "V Energy Drink Guarana Can 250ml",
            "productId": "v-energy-drink-guarana-can-250ml",
            "productShopPage": "https://raglan.store.supervalue.co.nz/lines/v-energy-drink-guarana-can-250ml",
            "productImageURL": "https://dtgxwmigmg3gc.cloudfront.net/imagery/assets/derivations/icon/512/512/true/eyJpZCI6Ijc3Nzk1NjE2ZDhhNmFiMThhYzEzODYzOTg2ZmNkNzgwIiwic3RvcmFnZSI6InB1YmxpY19zdG9yZSJ9?signature=f5de1854d43e19cc62bff86893d4a55615cd916f8425a4dccd170b52eba81255",
            "productDescription": "",
            "volume": "250ml"
        },
        "priceData": {
            "bestPrice": "2.40",
            "price": "2.40",
            "pricePerLitre": 9.6,
            "bestPricePerLitre": 9.6
        },
        "store": {
            "id": "5e75a96ffbe98b3c3e00174e",
            "name": "Raglan"
        }
    },
    {
        "productData": {
            "name": "V Energy Drink Guarana Can 500ml",
            "productId": "v-energy-drink-guarana-can-500ml",
            "productShopPage": "https://raglan.store.supervalue.co.nz/lines/v-energy-drink-guarana-can-500ml",
            "productImageURL": "https://dtgxwmigmg3gc.cloudfront.net/imagery/assets/derivations/icon/512/512/true/eyJpZCI6ImI0NjgzNGZjNDRkMjU0MjgzYzJjZGNhMzA2NWIxYjA5Iiwic3RvcmFnZSI6InB1YmxpY19zdG9yZSJ9?signature=265e8273409849423466e7623cbbdf8352940707b8830803eec391e8f32c9c5f",
            "productDescription": "",
            "volume": "500ml"
        },
        "priceData": {
            "bestPrice": "4.00",
            "price": "4.00",
            "pricePerLitre": 8.0,
            "bestPricePerLitre": 8.0
        },
        "store": {
            "id": "5e75a96ffbe98b3c3e00174e",
            "name": "Raglan"
        }
    },
    {
        "productData": {
            "name": "V Energy Drink Raspberry Lemonade 250ml Can",
            "productId": "v-energy-drink-raspberry-lemonade-250ml-can",
            "productShopPage": "https://raglan.store.supervalue.co.nz/lines/v-energy-drink-raspberry-lemonade-250ml-can",
            "productImageURL": "https://dtgxwmigmg3gc.cloudfront.net/imagery/assets/derivations/icon/512/512/true/eyJpZCI6ImM4NzYzZjhjNGVlNjMxZWNmN2MwZTY0ODRlMTY0MjQ2Iiwic3RvcmFnZSI6InB1YmxpY19zdG9yZSJ9?signature=b5dcf36b1b2e8756f465999fec26ef23b45ad1ffe6bbcb7758bed3d3bfad7f7a",
            "productDescription": "",
            "volume": "250ml"
        },
        "priceData": {
            "bestPrice": "2.50",
            "price": "2.50",
            "pricePerLitre": 10.0,
            "bestPricePerLitre": 10.0
        },
        "store": {
            "id": "5e75a96ffbe98b3c3e00174e",
            "name": "Raglan"
        }
    },
    {
        "productData": {
            "name": "V Energy Drink Raspberry Lemonade 350ml",
            "productId": "v-energy-drink-raspberry-lemonade-350ml",
            "productShopPage": "https://raglan.store.supervalue.co.nz/lines/v-energy-drink-raspberry-lemonade-350ml",
            "productImageURL": "https://dtgxwmigmg3gc.cloudfront.net/imagery/assets/derivations/icon/512/512/true/eyJpZCI6IjliNWMwMGJkN2IxYWRhY2UxNzU5NzY1ZTI4MjUzZDgyIiwic3RvcmFnZSI6InB1YmxpY19zdG9yZSJ9?signature=1813e587f3636e394a15aa9e19234f9343024a6880220b0dda0a5d69b1f1c010",
            "productDescription": "",
            "volume": "350ml"
        },
        "priceData": {
            "bestPrice": "4.00",
            "price": "4.00",
            "pricePerLitre": 11.428571428571429,
            "bestPricePerLitre": 11.428571428571429
        },
        "store": {
            "id": "5e75a96ffbe98b3c3e00174e",
            "name": "Raglan"
        }
    },
    {
        "productData": {
            "name": "V Energy Drink Sugar Free Guarana 500ml",
            "productId": "v-energy-drink-sugar-free-guarana-500ml",
            "productShopPage": "https://raglan.store.supervalue.co.nz/lines/v-energy-drink-sugar-free-guarana-500ml",
            "productImageURL": "https://dtgxwmigmg3gc.cloudfront.net/imagery/assets/derivations/icon/512/512/true/eyJpZCI6Ijg4MGExMDYxOTY4NTJiYzM1ZTExMmU2MGE2OWYxNDE3Iiwic3RvcmFnZSI6InB1YmxpY19zdG9yZSJ9?signature=b0536d25b9da8158705e24c88e21fabbf85c1dabc19f18108c386e956ffd7045",
            "productDescription": "",
            "volume": "500ml"
        },
        "priceData": {
            "bestPrice": "4.00",
            "price": "4.00",
            "pricePerLitre": 8.0,
            "bestPricePerLitre": 8.0
        },
        "store": {
            "id": "5e75a96ffbe98b3c3e00174e",
            "name": "Raglan"
        }
    },
    {
        "productData": {
            "name": "V Blue Energy Drink Bottle 500ml",
            "productId": "v-blue-energy-drink-bottle-500ml",
            "productShopPage": "https://raglan.store.supervalue.co.nz/lines/v-blue-energy-drink-bottle-500ml",
            "productImageURL": "https://dtgxwmigmg3gc.cloudfront.net/imagery/assets/derivations/icon/512/512/true/eyJpZCI6IjgyYWYxYWY4MGI4MzUxODhiYmVhZGVhM2U2NzY0MzI5Iiwic3RvcmFnZSI6InB1YmxpY19zdG9yZSJ9?signature=7e70fc576864a528a1431734d680cbf177a11b419a692dbfd34800c31b8944ec",
            "productDescription": "",
            "volume": "500ml"
        },
        "priceData": {
            "bestPrice": "2.80",
            "price": "2.80",
            "pricePerLitre": 5.6,
            "bestPricePerLitre": 5.6
        },
        "store": {
            "id": "5e75a96ffbe98b3c3e00174e",
            "name": "Raglan"
        }
    },
    {
        "productData": {
            "name": "V Blue Sugarfree Energy Drink 500ml",
            "productId": "v-blue-sugarfree-energy-drink-500ml",
            "productShopPage": "https://raglan.store.supervalue.co.nz/lines/v-blue-sugarfree-energy-drink-500ml",
            "productImageURL": "https://dtgxwmigmg3gc.cloudfront.net/imagery/assets/derivations/icon/512/512/true/eyJpZCI6ImVmYjQyOWRmM2JjZjc3NTY1ZDIwMTEyNTY0MDdmZjA1Iiwic3RvcmFnZSI6InB1YmxpY19zdG9yZSJ9?signature=2911d59474d8305039a3be3bef0f887c38d9ab84596314b13cc4b150101175ab",
            "productDescription": "",
            "volume": "500ml"
        },
        "priceData": {
            "bestPrice": "4.00",
            "price": "4.00",
            "pricePerLitre": 8.0,
            "bestPricePerLitre": 8.0
        },
        "store": {
            "id": "5e75a96ffbe98b3c3e00174e",
            "name": "Raglan"
        }
    },
    {
        "productData": {
            "name": "V Raspberry Lemonade Energy Drink 500ml",
            "productId": "v-energy-drink-raspberry-lemonade-500ml-can",
            "productShopPage": "https://raglan.store.supervalue.co.nz/lines/v-energy-drink-raspberry-lemonade-500ml-can",
            "productImageURL": "https://dtgxwmigmg3gc.cloudfront.net/imagery/assets/derivations/icon/512/512/true/eyJpZCI6ImE3N2Y5NzBmY2FhOWZhYmZiOTc3MmYyMzE4MGRiOTcxIiwic3RvcmFnZSI6InB1YmxpY19zdG9yZSJ9?signature=2bb7890fe6d7b0c0c6a522be31c78077be0aa570ca4c8aa5549ccf80761262dc",
            "productDescription": "",
            "volume": "500ml"
        },
        "priceData": {
            "bestPrice": "4.00",
            "price": "4.00",
            "pricePerLitre": 8.0,
            "bestPricePerLitre": 8.0
        },
        "store": {
            "id": "5e75a96ffbe98b3c3e00174e",
            "name": "Raglan"
        }
    },
    {
        "productData": {
            "name": "V Blue Energy Drink Blue Guarana Can 250ml",
            "productId": "v-blue-energy-drink-blue-guarana-can-250ml",
            "productShopPage": "https://raglan.store.supervalue.co.nz/lines/v-blue-energy-drink-blue-guarana-can-250ml",
            "productImageURL": "https://dtgxwmigmg3gc.cloudfront.net/imagery/assets/derivations/icon/512/512/true/eyJpZCI6IjBmZjQwNDEyZWQ2ZDk4YTg3YWQ2ZDUyMWZlNjM1YzJkIiwic3RvcmFnZSI6InB1YmxpY19zdG9yZSJ9?signature=8f745abe5614ec47b3d7a07f1a34ba529184a87b2a696211ba5a0f9f29c86bf0",
            "productDescription": "",
            "volume": "250ml"
        },
        "priceData": {
            "bestPrice": "2.40",
            "price": "2.40",
            "pricePerLitre": 9.6,
            "bestPricePerLitre": 9.6
        },
        "store": {
            "id": "5e75a96ffbe98b3c3e00174e",
            "name": "Raglan"
        }
    },
    {
        "productData": {
            "name": "V Blue Energy Drink Blue Guarana Can 500ml",
            "productId": "v-blue-energy-drink-blue-guarana-can-500ml",
            "productShopPage": "https://raglan.store.supervalue.co.nz/lines/v-blue-energy-drink-blue-guarana-can-500ml",
            "productImageURL": "https://dtgxwmigmg3gc.cloudfront.net/imagery/assets/derivations/icon/512/512/true/eyJpZCI6ImFmYjEyYjVjYTU2YWI5ZDJhMTVmNGY2MDg2NWFlNzgxIiwic3RvcmFnZSI6InB1YmxpY19zdG9yZSJ9?signature=b537a8cc5a2c0f90f1702b2c541db44c3a740a0ec4a96e92ab2d6537f9320e8d",
            "productDescription": "",
            "volume": "500ml"
        },
        "priceData": {
            "bestPrice": "4.00",
            "price": "4.00",
            "pricePerLitre": 8.0,
            "bestPricePerLitre": 8.0
        },
        "store": {
            "id": "5e75a96ffbe98b3c3e00174e",
            "name": "Raglan"
        }
    },
    {
        "productData": {
            "name": "V Energy Drink Sugar Free Guarana Bottle 350ml",
            "productId": "v-energy-drink-sugar-free-guarana-bottle-350ml",
            "productShopPage": "https://raglan.store.supervalue.co.nz/lines/v-energy-drink-sugar-free-guarana-bottle-350ml",
            "productImageURL": "https://dtgxwmigmg3gc.cloudfront.net/imagery/assets/derivations/icon/512/512/true/eyJpZCI6ImM4MGVkZDY3Mjg5MTdjYTdhMTgxMzUxMTVkZmFlNzcxIiwic3RvcmFnZSI6InB1YmxpY19zdG9yZSJ9?signature=bfa701331e490bfdd2ed98e1c24e4f875f18a45383fc75ce599441cb0aa072cd",
            "productDescription": "",
            "volume": "350ml"
        },
        "priceData": {
            "bestPrice": "4.00",
            "price": "4.00",
            "pricePerLitre": 11.428571428571429,
            "bestPricePerLitre": 11.428571428571429
        },
        "store": {
            "id": "5e75a96ffbe98b3c3e00174e",
            "name": "Raglan"
        }
    },
    {
        "productData": {
            "name": "Monster Mule Energy Drink 500ml",
            "productId": "monster-mule-ginger-brew-500ml",
            "productShopPage": "https://raglan.store.supervalue.co.nz/lines/monster-mule-ginger-brew-500ml",
            "productImageURL": "https://dtgxwmigmg3gc.cloudfront.net/imagery/assets/derivations/icon/512/512/true/eyJpZCI6ImM1OTM5MTIyZTRlNmNhNzk0ODFlMDE4ZWVmMWE2Y2ZlIiwic3RvcmFnZSI6InB1YmxpY19zdG9yZSJ9?signature=5d11287f30ef58c148e37382d61c0d83097d5461683a9aa5dd9456941c1f32e5",
            "productDescription": "",
            "volume": "500ml"
        },
        "priceData": {
            "bestPrice": "3.60",
            "price": "3.60",
            "pricePerLitre": 7.2,
            "bestPricePerLitre": 7.2
        },
        "store": {
            "id": "5e75a96ffbe98b3c3e00174e",
            "name": "Raglan"
        }
    },
    {
        "productData": {
            "name": "Monster Energy Pipeline Punch 500ml",
            "productId": "monster-energy-pipeline-punch-500ml",
            "productShopPage": "https://raglan.store.supervalue.co.nz/lines/monster-energy-pipeline-punch-500ml",
            "productImageURL": "https://dtgxwmigmg3gc.cloudfront.net/imagery/assets/derivations/icon/512/512/true/eyJpZCI6IjBhODJhZGNkMWY5YThiMWQ5ZjY0YjRjNGE0YWQwMzMxIiwic3RvcmFnZSI6InB1YmxpY19zdG9yZSJ9?signature=7a4880545cb059c8f06a41c671fb0785b7cddf3903741ed2f081d6bcf2e5189f",
            "productDescription": "",
            "volume": "500ml"
        },
        "priceData": {
            "bestPrice": "3.60",
            "price": "3.60",
            "pricePerLitre": 7.2,
            "bestPricePerLitre": 7.2
        },
        "store": {
            "id": "5e75a96ffbe98b3c3e00174e",
            "name": "Raglan"
        }
    },
    {
        "productData": {
            "name": "Live Plus Energy Drink Citrus Flavour 500ml",
            "productId": "live-plus-persist-500ml",
            "productShopPage": "https://raglan.store.supervalue.co.nz/lines/live-plus-persist-500ml",
            "productImageURL": "https://dtgxwmigmg3gc.cloudfront.net/imagery/assets/derivations/icon/512/512/true/eyJpZCI6IjFlNWQ5YzI4OWM1N2UzNmYzZmI2NThlMDQzZTI3ZjE4Iiwic3RvcmFnZSI6InB1YmxpY19zdG9yZSJ9?signature=756b17fefe47174b90e7dbec8cd09db27f9f59f4994bc750b71256ae93ba9fa8",
            "productDescription": "",
            "volume": "500ml"
        },
        "priceData": {
            "bestPrice": "3.20",
            "price": "3.20",
            "pricePerLitre": 6.4,
            "bestPricePerLitre": 6.4
        },
        "store": {
            "id": "5e75a96ffbe98b3c3e00174e",
            "name": "Raglan"
        }
    },
    {
        "productData": {
            "name": "V Guarana Energy Drink Blue Sugarfree 250ml",
            "productId": "v-blue-sugarfree-energy-drink-250ml",
            "productShopPage": "https://raglan.store.supervalue.co.nz/lines/v-blue-sugarfree-energy-drink-250ml",
            "productImageURL": "https://dtgxwmigmg3gc.cloudfront.net/imagery/assets/derivations/icon/512/512/true/eyJpZCI6IjI3YWJiOTVhYjNhMjEwMDU2MWJhMmRhNTM3YjRhZjVmIiwic3RvcmFnZSI6InB1YmxpY19zdG9yZSJ9?signature=66769306ca1d0ba674603954d338186dc999f6d1839090d49fde9416b3252365",
            "productDescription": "",
            "volume": "250ml"
        },
        "priceData": {
            "bestPrice": "2.40",
            "price": "2.40",
            "pricePerLitre": 9.6,
            "bestPricePerLitre": 9.6
        },
        "store": {
            "id": "5e75a96ffbe98b3c3e00174e",
            "name": "Raglan"
        }
    },
    {
        "productData": {
            "name": "Rockstar Original Energy Drink 500ml",
            "productId": "rockstar-original-energy-drink-500ml",
            "productShopPage": "https://raglan.store.supervalue.co.nz/lines/rockstar-original-energy-drink-500ml",
            "productImageURL": "https://dtgxwmigmg3gc.cloudfront.net/imagery/assets/derivations/icon/512/512/true/eyJpZCI6IjU3ZDZkYWUyNGJjNjZmNDNlOGIzY2VjNzUxMjRhMjI3Iiwic3RvcmFnZSI6InB1YmxpY19zdG9yZSJ9?signature=9188953bef1e966209f16fc8764ba247eac95345644fc57ad5992e177e099176",
            "productDescription": "",
            "volume": "500ml"
        },
        "priceData": {
            "bestPrice": "2.20",
            "price": "2.20",
            "pricePerLitre": 4.4,
            "bestPricePerLitre": 4.4
        },
        "store": {
            "id": "5e75a96ffbe98b3c3e00174e",
            "name": "Raglan"
        }
    },
    {
        "productData": {
            "name": "Rockstar Punched Energy Guava 500ml",
            "productId": "rockstar-punched-energy-guava-500ml",
            "productShopPage": "https://raglan.store.supervalue.co.nz/lines/rockstar-punched-energy-guava-500ml",
            "productImageURL": "https://dtgxwmigmg3gc.cloudfront.net/imagery/assets/derivations/icon/512/512/true/eyJpZCI6ImEzMDQwMDA1ZTlmNTRmNTczMTYzMDE1Yjk2NTFmZDIxIiwic3RvcmFnZSI6InB1YmxpY19zdG9yZSJ9?signature=bfb6b62e0f648da1212eb37234f40b47cf3251c956e2d837473e2acee3a5a4ef",
            "productDescription": "",
            "volume": "500ml"
        },
        "priceData": {
            "bestPrice": "2.20",
            "price": "2.20",
            "pricePerLitre": 4.4,
            "bestPricePerLitre": 4.4
        },
        "store": {
            "id": "5e75a96ffbe98b3c3e00174e",
            "name": "Raglan"
        }
    },
    {
        "productData": {
            "name": "Live Plus Energy Drink Sugar Free Citrus Flavour 250ml",
            "productId": "live-plus-zero-sug-citrus-500ml",
            "productShopPage": "https://raglan.store.supervalue.co.nz/lines/live-plus-zero-sug-citrus-500ml",
            "productImageURL": "https://dtgxwmigmg3gc.cloudfront.net/imagery/assets/derivations/icon/512/512/true/eyJpZCI6IjhkZGE2ODE2ZDc4Y2E5MmUxZTQ3YjAxOWExZjNlMTU5Iiwic3RvcmFnZSI6InB1YmxpY19zdG9yZSJ9?signature=ab72ec55544855bdd6eb188264cd302aac7f6bc747af365b1624653223d6953d",
            "productDescription": "",
            "volume": "250ml"
        },
        "priceData": {
            "bestPrice": "3.20",
            "price": "3.20",
            "pricePerLitre": 12.8,
            "bestPricePerLitre": 12.8
        },
        "store": {
            "id": "5e75a96ffbe98b3c3e00174e",
            "name": "Raglan"
        }
    },
    {
        "productData": {
            "name": "Monster Ultra Fiesta Energy 500ml",
            "productId": "monster-ultra-fiesta-energy-500ml",
            "productShopPage": "https://raglan.store.supervalue.co.nz/lines/monster-ultra-fiesta-energy-500ml",
            "productImageURL": "https://dtgxwmigmg3gc.cloudfront.net/imagery/assets/derivations/icon/512/512/true/eyJpZCI6Ijg5N2U0MTUxNjJmNzU3MDA2MjQ3MGU2OWU5NWVhMzY2LmpwZyIsInN0b3JhZ2UiOiJwdWJsaWNfc3RvcmUifQ?signature=b5e95acb1f97789b134681678c5ac2a1847e8d33e7fad84f9ec384b4f5b59496",
            "productDescription": "",
            "volume": "500ml"
        },
        "priceData": {
            "bestPrice": "3.60",
            "price": "3.60",
            "pricePerLitre": 7.2,
            "bestPricePerLitre": 7.2
        },
        "store": {
            "id": "5e75a96ffbe98b3c3e00174e",
            "name": "Raglan"
        }
    },
    {
        "productData": {
            "name": "Musashi Energy Drink Blue Raspberry 500ml",
            "productId": "musashi-energy-drink-blue-raspberry-500ml",
            "productShopPage": "https://raglan.store.supervalue.co.nz/lines/musashi-energy-drink-blue-raspberry-500ml",
            "productImageURL": "https://dtgxwmigmg3gc.cloudfront.net/imagery/assets/derivations/icon/512/512/true/eyJpZCI6IjE5MzNlYTI1Mjk2MTRjZTgwNmE0YThiZTU2NmRhMGI1Iiwic3RvcmFnZSI6InB1YmxpY19zdG9yZSJ9?signature=6f2e80fb21b91bb7d7f6ae2f6d711d7b645a3490600386d066f024d673ee01e2",
            "productDescription": "",
            "volume": "500ml"
        },
        "priceData": {
            "bestPrice": "3.50",
            "price": "3.50",
            "pricePerLitre": 7.0,
            "bestPricePerLitre": 7.0
        },
        "store": {
            "id": "5e75a96ffbe98b3c3e00174e",
            "name": "Raglan"
        }
    },
    {
        "productData": {
            "name": "Musashi Energy Drink Fruit Crush 500ml",
            "productId": "musashi-energy-drink-fruit-crush-500ml",
            "productShopPage": "https://raglan.store.supervalue.co.nz/lines/musashi-energy-drink-fruit-crush-500ml",
            "productImageURL": "https://dtgxwmigmg3gc.cloudfront.net/imagery/assets/derivations/icon/512/512/true/eyJpZCI6IjExMTJjZTJlMjEyYjI4NTgwZjE0ZGZlYjE5MTgzNTQ5Iiwic3RvcmFnZSI6InB1YmxpY19zdG9yZSJ9?signature=249030276f0de6f4760c079da56b20c58d0b82a78f36efe8fd80f2bbe4aed7d4",
            "productDescription": "",
            "volume": "500ml"
        },
        "priceData": {
            "bestPrice": "3.50",
            "price": "3.50",
            "pricePerLitre": 7.0,
            "bestPricePerLitre": 7.0
        },
        "store": {
            "id": "5e75a96ffbe98b3c3e00174e",
            "name": "Raglan"
        }
    },
    {
        "productData": {
            "name": "Musashi Energy Drink Purple Grape 500ml",
            "productId": "musashi-energy-drink-purple-grape-500ml",
            "productShopPage": "https://raglan.store.supervalue.co.nz/lines/musashi-energy-drink-purple-grape-500ml",
            "productImageURL": "https://dtgxwmigmg3gc.cloudfront.net/imagery/assets/derivations/icon/512/512/true/eyJpZCI6IjkxZGM0ODYyYmZhNGViMTkwM2U4MTYzM2FiMDYzMDdlIiwic3RvcmFnZSI6InB1YmxpY19zdG9yZSJ9?signature=d6ff84062f4b227aaf76b6e0be9ec9742734bc67867684146ce6624e4bcef6bd",
            "productDescription": "",
            "volume": "500ml"
        },
        "priceData": {
            "bestPrice": "3.50",
            "price": "3.50",
            "pricePerLitre": 7.0,
            "bestPricePerLitre": 7.0
        },
        "store": {
            "id": "5e75a96ffbe98b3c3e00174e",
            "name": "Raglan"
        }
    },
    {
        "productData": {
            "name": "Live Plus Energy Drink Watermelon 500ml",
            "productId": "mother-energy-drink-sugar-free-500ml",
            "productShopPage": "https://raglan.store.supervalue.co.nz/lines/mother-energy-drink-sugar-free-500ml",
            "productImageURL": "https://dtgxwmigmg3gc.cloudfront.net/imagery/assets/derivations/icon/512/512/true/eyJpZCI6Ijc5YmNmZjFmZWZlM2JjYjU3ZmZmZDJmNDJkNmIzOTc5Iiwic3RvcmFnZSI6InB1YmxpY19zdG9yZSJ9?signature=3236600f4d7ed3cb9fe7b9b50f17704107ea546e1c8e3269f3cfc49c2561d05c",
            "productDescription": "",
            "volume": "500ml"
        },
        "priceData": {
            "bestPrice": "2.50",
            "price": "2.50",
            "pricePerLitre": 5.0,
            "bestPricePerLitre": 5.0
        },
        "store": {
            "id": "5e75a96ffbe98b3c3e00174e",
            "name": "Raglan"
        }
    },
    {
        "productData": {
            "name": "Monster Super Fuel Tropical Thunder 550ml",
            "productId": "monster-super-fuel-tropical-thunder-550ml",
            "productShopPage": "https://raglan.store.supervalue.co.nz/lines/monster-super-fuel-tropical-thunder-550ml",
            "productImageURL": "https://dtgxwmigmg3gc.cloudfront.net/imagery/assets/derivations/icon/512/512/true/eyJpZCI6ImU1MDMwZGIyMGNiOTQ2NWRlMWY3OWVkYmMxNGI4Zjg2Iiwic3RvcmFnZSI6InB1YmxpY19zdG9yZSJ9?signature=edda4faf145060b78b7a826b3d26392e4283e9f7f22cebee6de6f90f70d215de",
            "productDescription": "",
            "volume": "550ml"
        },
        "priceData": {
            "bestPrice": "4.70",
            "price": "4.70",
            "pricePerLitre": 8.545454545454545,
            "bestPricePerLitre": 8.545454545454545
        },
        "store": {
            "id": "5e75a96ffbe98b3c3e00174e",
            "name": "Raglan"
        }
    },
    {
        "productData": {
            "name": "Mother Kicked Apple 500ml",
            "productId": "mother-kicked-apple-500ml",
            "productShopPage": "https://titirangi.store.supervalue.co.nz/lines/mother-kicked-apple-500ml",
            "productImageURL": "https://dtgxwmigmg3gc.cloudfront.net/imagery/assets/derivations/icon/512/512/true/eyJpZCI6IjNhZTlkYjkwYTM4MDFjMGEwYjUwYThhMDAwYjkyZjM0Iiwic3RvcmFnZSI6InB1YmxpY19zdG9yZSJ9?signature=c1a1db0a5d7b074c388cf08560fd44a4a2b6127821554198e54eeea8474325f6",
            "productDescription": "",
            "volume": "500ml"
        },
        "priceData": {
            "bestPrice": "3.20",
            "price": "3.20",
            "pricePerLitre": 6.4,
            "bestPricePerLitre": 6.4
        },
        "store": {
            "id": "5e792a0a60b75a561f037d08",
            "name": "Titirangi"
        }
    },
    {
        "productData": {
            "name": "Monster Energy Ultra Zero 500ml Can 500ml",
            "productId": "monster-energy-ultra-zero-500ml",
            "productShopPage": "https://titirangi.store.supervalue.co.nz/lines/monster-energy-ultra-zero-500ml",
            "productImageURL": "https://dtgxwmigmg3gc.cloudfront.net/imagery/assets/derivations/icon/512/512/true/eyJpZCI6IjE2ZDZhZmVkN2M0YjVjMzRmMjExNGJhNWQyMzhlOTQ4Iiwic3RvcmFnZSI6InB1YmxpY19zdG9yZSJ9?signature=10ef7ab522a8389710a24973bac3bd88af990f17b5da987fda62632f41e72ced",
            "productDescription": "",
            "volume": "500ml"
        },
        "priceData": {
            "bestPrice": "3.60",
            "price": "3.60",
            "pricePerLitre": 7.2,
            "bestPricePerLitre": 7.2
        },
        "store": {
            "id": "5e792a0a60b75a561f037d08",
            "name": "Titirangi"
        }
    },
    {
        "productData": {
            "name": "Monster Energy Green 500ml",
            "productId": "monster-energy-green-500ml",
            "productShopPage": "https://titirangi.store.supervalue.co.nz/lines/monster-energy-green-500ml",
            "productImageURL": "https://dtgxwmigmg3gc.cloudfront.net/imagery/assets/derivations/icon/512/512/true/eyJpZCI6IjdlMWQ4YzE4OWEzYjkxOWExNTNiZDRmMGNhMjA0MGFjIiwic3RvcmFnZSI6InB1YmxpY19zdG9yZSJ9?signature=7d8e276d7131e46748c715b58473be8fec7d21f3d10abd6d108f8b0cb856d4a3",
            "productDescription": "",
            "volume": "500ml"
        },
        "priceData": {
            "bestPrice": "3.60",
            "price": "3.60",
            "pricePerLitre": 7.2,
            "bestPricePerLitre": 7.2
        },
        "store": {
            "id": "5e792a0a60b75a561f037d08",
            "name": "Titirangi"
        }
    },
    {
        "productData": {
            "name": "Monster Energy Drink Ultra Rosa 500ml",
            "productId": "monster-energy-drink-ultra-rosa-500ml",
            "productShopPage": "https://titirangi.store.supervalue.co.nz/lines/monster-energy-drink-ultra-rosa-500ml",
            "productImageURL": "https://dtgxwmigmg3gc.cloudfront.net/imagery/assets/derivations/icon/512/512/true/eyJpZCI6IjBmZDhiOGI4MDk3NDYzMDI0ZGQ4OTdhYTk2ZmVmMmRiIiwic3RvcmFnZSI6InB1YmxpY19zdG9yZSJ9?signature=b524829083fd581b245f26f999cd130415f1b63b346277cf6a7a0faece216093",
            "productDescription": "",
            "volume": "500ml"
        },
        "priceData": {
            "bestPrice": "3.60",
            "price": "3.60",
            "pricePerLitre": 7.2,
            "bestPricePerLitre": 7.2
        },
        "store": {
            "id": "5e792a0a60b75a561f037d08",
            "name": "Titirangi"
        }
    },
    {
        "productData": {
            "name": "Mother Energy Drink Berry 500ml",
            "productId": "mother-energy-drink-berry-500ml",
            "productShopPage": "https://titirangi.store.supervalue.co.nz/lines/mother-energy-drink-berry-500ml",
            "productImageURL": "https://dtgxwmigmg3gc.cloudfront.net/imagery/assets/derivations/icon/512/512/true/eyJpZCI6ImRhYTJlNjUzNzRjZjViNjI0ZDljNzUzNDA3YmE0ZDFkIiwic3RvcmFnZSI6InB1YmxpY19zdG9yZSJ9?signature=d9ffb465d71d599811c2ff7a788845bfe297eb3624ad7866a89cf0b3ece073f0",
            "productDescription": "",
            "volume": "500ml"
        },
        "priceData": {
            "bestPrice": "3.20",
            "price": "3.20",
            "pricePerLitre": 6.4,
            "bestPricePerLitre": 6.4
        },
        "store": {
            "id": "5e792a0a60b75a561f037d08",
            "name": "Titirangi"
        }
    },
    {
        "productData": {
            "name": "Mother Energy Drink Black 500ml",
            "productId": "mother-energy-drink-black-500ml",
            "productShopPage": "https://titirangi.store.supervalue.co.nz/lines/mother-energy-drink-black-500ml",
            "productImageURL": "https://dtgxwmigmg3gc.cloudfront.net/imagery/assets/derivations/icon/512/512/true/eyJpZCI6ImYyMzA5MjhkYjg3ODFhYmYzZDU3ZjE1YjNmYzU2MWFjIiwic3RvcmFnZSI6InB1YmxpY19zdG9yZSJ9?signature=d3dbddb83d3d457075cd5d8936bef0c5b48fce4fa3fe725995d8b6d57219ceb5",
            "productDescription": "",
            "volume": "500ml"
        },
        "priceData": {
            "bestPrice": "3.20",
            "price": "3.20",
            "pricePerLitre": 6.4,
            "bestPricePerLitre": 6.4
        },
        "store": {
            "id": "5e792a0a60b75a561f037d08",
            "name": "Titirangi"
        }
    },
    {
        "productData": {
            "name": "Mother Epic Swell Energy Drink Twisted Apple 500ml",
            "productId": "mother-epic-swell-energy-drink-twisted-apple-500ml",
            "productShopPage": "https://titirangi.store.supervalue.co.nz/lines/mother-epic-swell-energy-drink-twisted-apple-500ml",
            "productImageURL": "https://dtgxwmigmg3gc.cloudfront.net/imagery/assets/derivations/icon/512/512/true/eyJpZCI6IjE3NGY3OWU3NDkwYTQ5MGE4NGFkNjYzZjVlODdjNzlmIiwic3RvcmFnZSI6InB1YmxpY19zdG9yZSJ9?signature=8b8c94eb83ff8e282e2c9309d499d02862cc0d052bea74cb186828b6e121cc4e",
            "productDescription": "",
            "volume": "500ml"
        },
        "priceData": {
            "bestPrice": "3.20",
            "price": "3.20",
            "pricePerLitre": 6.4,
            "bestPricePerLitre": 6.4
        },
        "store": {
            "id": "5e792a0a60b75a561f037d08",
            "name": "Titirangi"
        }
    },
    {
        "productData": {
            "name": "Monster Energy Juice Mango Loco 500ml",
            "productId": "monster-energy-juice-mango-loco-500ml-can",
            "productShopPage": "https://titirangi.store.supervalue.co.nz/lines/monster-energy-juice-mango-loco-500ml-can",
            "productImageURL": "https://dtgxwmigmg3gc.cloudfront.net/imagery/assets/derivations/icon/512/512/true/eyJpZCI6ImFiNTMzOTMyOWEwYWQ0NzdjMjJjNjlkMzQxZTNhOGQxIiwic3RvcmFnZSI6InB1YmxpY19zdG9yZSJ9?signature=68e99f74abe4c896ded0dd7313a3b51988c1e1a783fd4322eb0d59affb53ec54",
            "productDescription": "",
            "volume": "500ml"
        },
        "priceData": {
            "bestPrice": "3.60",
            "price": "3.60",
            "pricePerLitre": 7.2,
            "bestPricePerLitre": 7.2
        },
        "store": {
            "id": "5e792a0a60b75a561f037d08",
            "name": "Titirangi"
        }
    },
    {
        "productData": {
            "name": "V Energy Drink Sugar Free Guarana 250ml",
            "productId": "v-energy-drink-sugar-free-guarana-250ml",
            "productShopPage": "https://titirangi.store.supervalue.co.nz/lines/v-energy-drink-sugar-free-guarana-250ml",
            "productImageURL": "https://dtgxwmigmg3gc.cloudfront.net/imagery/assets/derivations/icon/512/512/true/eyJpZCI6ImZiNzM1NmU4NTMyZDllODlkZTljZmNlOGY2MzQ5NGQwIiwic3RvcmFnZSI6InB1YmxpY19zdG9yZSJ9?signature=72b0ce0a48ca796717c115fe5e8b4564501470f63bf80ae865d26e9d131a2b8c",
            "productDescription": "",
            "volume": "250ml"
        },
        "priceData": {
            "bestPrice": "2.40",
            "price": "2.40",
            "pricePerLitre": 9.6,
            "bestPricePerLitre": 9.6
        },
        "store": {
            "id": "5e792a0a60b75a561f037d08",
            "name": "Titirangi"
        }
    },
    {
        "productData": {
            "name": "V Energy Drink Green Guarana 350ml",
            "productId": "v-energy-drink-green-guarana-350ml",
            "productShopPage": "https://titirangi.store.supervalue.co.nz/lines/v-energy-drink-green-guarana-350ml",
            "productImageURL": "https://dtgxwmigmg3gc.cloudfront.net/imagery/assets/derivations/icon/512/512/true/eyJpZCI6IjRiNjY4ZjYxOTQ2ODYyN2MzM2NiZWMyNGUyNmIyODk4Iiwic3RvcmFnZSI6InB1YmxpY19zdG9yZSJ9?signature=4cded9cb42349eef45a593461f311b1bb7fa881295733879671ad9fe9887d30c",
            "productDescription": "",
            "volume": "350ml"
        },
        "priceData": {
            "bestPrice": "4.00",
            "price": "4.00",
            "pricePerLitre": 11.428571428571429,
            "bestPricePerLitre": 11.428571428571429
        },
        "store": {
            "id": "5e792a0a60b75a561f037d08",
            "name": "Titirangi"
        }
    },
    {
        "productData": {
            "name": "V Energy Drink Guarana Can 250ml",
            "productId": "v-energy-drink-guarana-can-250ml",
            "productShopPage": "https://titirangi.store.supervalue.co.nz/lines/v-energy-drink-guarana-can-250ml",
            "productImageURL": "https://dtgxwmigmg3gc.cloudfront.net/imagery/assets/derivations/icon/512/512/true/eyJpZCI6Ijc3Nzk1NjE2ZDhhNmFiMThhYzEzODYzOTg2ZmNkNzgwIiwic3RvcmFnZSI6InB1YmxpY19zdG9yZSJ9?signature=f5de1854d43e19cc62bff86893d4a55615cd916f8425a4dccd170b52eba81255",
            "productDescription": "",
            "volume": "250ml"
        },
        "priceData": {
            "bestPrice": "2.40",
            "price": "2.40",
            "pricePerLitre": 9.6,
            "bestPricePerLitre": 9.6
        },
        "store": {
            "id": "5e792a0a60b75a561f037d08",
            "name": "Titirangi"
        }
    },
    {
        "productData": {
            "name": "V Energy Drink Guarana Can 500ml",
            "productId": "v-energy-drink-guarana-can-500ml",
            "productShopPage": "https://titirangi.store.supervalue.co.nz/lines/v-energy-drink-guarana-can-500ml",
            "productImageURL": "https://dtgxwmigmg3gc.cloudfront.net/imagery/assets/derivations/icon/512/512/true/eyJpZCI6ImI0NjgzNGZjNDRkMjU0MjgzYzJjZGNhMzA2NWIxYjA5Iiwic3RvcmFnZSI6InB1YmxpY19zdG9yZSJ9?signature=265e8273409849423466e7623cbbdf8352940707b8830803eec391e8f32c9c5f",
            "productDescription": "",
            "volume": "500ml"
        },
        "priceData": {
            "bestPrice": "4.00",
            "price": "4.00",
            "pricePerLitre": 8.0,
            "bestPricePerLitre": 8.0
        },
        "store": {
            "id": "5e792a0a60b75a561f037d08",
            "name": "Titirangi"
        }
    },
    {
        "productData": {
            "name": "V Energy Drink Sugar Free Guarana 500ml",
            "productId": "v-energy-drink-sugar-free-guarana-500ml",
            "productShopPage": "https://titirangi.store.supervalue.co.nz/lines/v-energy-drink-sugar-free-guarana-500ml",
            "productImageURL": "https://dtgxwmigmg3gc.cloudfront.net/imagery/assets/derivations/icon/512/512/true/eyJpZCI6Ijg4MGExMDYxOTY4NTJiYzM1ZTExMmU2MGE2OWYxNDE3Iiwic3RvcmFnZSI6InB1YmxpY19zdG9yZSJ9?signature=b0536d25b9da8158705e24c88e21fabbf85c1dabc19f18108c386e956ffd7045",
            "productDescription": "",
            "volume": "500ml"
        },
        "priceData": {
            "bestPrice": "4.00",
            "price": "4.00",
            "pricePerLitre": 8.0,
            "bestPricePerLitre": 8.0
        },
        "store": {
            "id": "5e792a0a60b75a561f037d08",
            "name": "Titirangi"
        }
    },
    {
        "productData": {
            "name": "V Raspberry Lemonade Energy Drink 500ml",
            "productId": "v-energy-drink-raspberry-lemonade-500ml-can",
            "productShopPage": "https://titirangi.store.supervalue.co.nz/lines/v-energy-drink-raspberry-lemonade-500ml-can",
            "productImageURL": "https://dtgxwmigmg3gc.cloudfront.net/imagery/assets/derivations/icon/512/512/true/eyJpZCI6ImE3N2Y5NzBmY2FhOWZhYmZiOTc3MmYyMzE4MGRiOTcxIiwic3RvcmFnZSI6InB1YmxpY19zdG9yZSJ9?signature=2bb7890fe6d7b0c0c6a522be31c78077be0aa570ca4c8aa5549ccf80761262dc",
            "productDescription": "",
            "volume": "500ml"
        },
        "priceData": {
            "bestPrice": "4.00",
            "price": "4.00",
            "pricePerLitre": 8.0,
            "bestPricePerLitre": 8.0
        },
        "store": {
            "id": "5e792a0a60b75a561f037d08",
            "name": "Titirangi"
        }
    },
    {
        "productData": {
            "name": "V Blue Energy Drink Blue Guarana Can 500ml",
            "productId": "v-blue-energy-drink-blue-guarana-can-500ml",
            "productShopPage": "https://titirangi.store.supervalue.co.nz/lines/v-blue-energy-drink-blue-guarana-can-500ml",
            "productImageURL": "https://dtgxwmigmg3gc.cloudfront.net/imagery/assets/derivations/icon/512/512/true/eyJpZCI6ImFmYjEyYjVjYTU2YWI5ZDJhMTVmNGY2MDg2NWFlNzgxIiwic3RvcmFnZSI6InB1YmxpY19zdG9yZSJ9?signature=b537a8cc5a2c0f90f1702b2c541db44c3a740a0ec4a96e92ab2d6537f9320e8d",
            "productDescription": "",
            "volume": "500ml"
        },
        "priceData": {
            "bestPrice": "4.00",
            "price": "4.00",
            "pricePerLitre": 8.0,
            "bestPricePerLitre": 8.0
        },
        "store": {
            "id": "5e792a0a60b75a561f037d08",
            "name": "Titirangi"
        }
    },
    {
        "productData": {
            "name": "V Energy Drink Sugar Free Guarana Bottle 350ml",
            "productId": "v-energy-drink-sugar-free-guarana-bottle-350ml",
            "productShopPage": "https://titirangi.store.supervalue.co.nz/lines/v-energy-drink-sugar-free-guarana-bottle-350ml",
            "productImageURL": "https://dtgxwmigmg3gc.cloudfront.net/imagery/assets/derivations/icon/512/512/true/eyJpZCI6ImM4MGVkZDY3Mjg5MTdjYTdhMTgxMzUxMTVkZmFlNzcxIiwic3RvcmFnZSI6InB1YmxpY19zdG9yZSJ9?signature=bfa701331e490bfdd2ed98e1c24e4f875f18a45383fc75ce599441cb0aa072cd",
            "productDescription": "",
            "volume": "350ml"
        },
        "priceData": {
            "bestPrice": "4.00",
            "price": "4.00",
            "pricePerLitre": 11.428571428571429,
            "bestPricePerLitre": 11.428571428571429
        },
        "store": {
            "id": "5e792a0a60b75a561f037d08",
            "name": "Titirangi"
        }
    },
    {
        "productData": {
            "name": "Live Plus Energy Drink Citrus Flavour 500ml",
            "productId": "live-plus-persist-500ml",
            "productShopPage": "https://titirangi.store.supervalue.co.nz/lines/live-plus-persist-500ml",
            "productImageURL": "https://dtgxwmigmg3gc.cloudfront.net/imagery/assets/derivations/icon/512/512/true/eyJpZCI6IjFlNWQ5YzI4OWM1N2UzNmYzZmI2NThlMDQzZTI3ZjE4Iiwic3RvcmFnZSI6InB1YmxpY19zdG9yZSJ9?signature=756b17fefe47174b90e7dbec8cd09db27f9f59f4994bc750b71256ae93ba9fa8",
            "productDescription": "",
            "volume": "500ml"
        },
        "priceData": {
            "bestPrice": "3.20",
            "price": "3.20",
            "pricePerLitre": 6.4,
            "bestPricePerLitre": 6.4
        },
        "store": {
            "id": "5e792a0a60b75a561f037d08",
            "name": "Titirangi"
        }
    },
    {
        "productData": {
            "name": "Monster Energy Drink Ultra Gold 500ml",
            "productId": "monster-energy-drink-ultra-gold-500ml",
            "productShopPage": "https://wanganui.store.supervalue.co.nz/lines/monster-energy-drink-ultra-gold-500ml",
            "productImageURL": "https://dtgxwmigmg3gc.cloudfront.net/imagery/assets/derivations/icon/512/512/true/eyJpZCI6ImM3MmEwNWIyMjE0YTAzMjcyNzFhYjMyZTI4Zjk4MGFhIiwic3RvcmFnZSI6InB1YmxpY19zdG9yZSJ9?signature=b4f295a92992569de94ae4176268ca4a850af7b8377f28e19d8ddb65e0e09cc2",
            "productDescription": "",
            "volume": "500ml"
        },
        "priceData": {
            "bestPrice": "3.60",
            "price": "3.60",
            "pricePerLitre": 7.2,
            "bestPricePerLitre": 7.2
        },
        "store": {
            "id": "5e76c1751db5f56964001ad3",
            "name": "Wanganui"
        }
    },
    {
        "productData": {
            "name": "Mother Kicked Apple 500ml",
            "productId": "mother-kicked-apple-500ml",
            "productShopPage": "https://wanganui.store.supervalue.co.nz/lines/mother-kicked-apple-500ml",
            "productImageURL": "https://dtgxwmigmg3gc.cloudfront.net/imagery/assets/derivations/icon/512/512/true/eyJpZCI6IjNhZTlkYjkwYTM4MDFjMGEwYjUwYThhMDAwYjkyZjM0Iiwic3RvcmFnZSI6InB1YmxpY19zdG9yZSJ9?signature=c1a1db0a5d7b074c388cf08560fd44a4a2b6127821554198e54eeea8474325f6",
            "productDescription": "",
            "volume": "500ml"
        },
        "priceData": {
            "bestPrice": "3.20",
            "price": "3.20",
            "pricePerLitre": 6.4,
            "bestPricePerLitre": 6.4
        },
        "store": {
            "id": "5e76c1751db5f56964001ad3",
            "name": "Wanganui"
        }
    },
    {
        "productData": {
            "name": "Monster Energy Import 550ml",
            "productId": "monster-energy-import-550ml",
            "productShopPage": "https://wanganui.store.supervalue.co.nz/lines/monster-energy-import-550ml",
            "productImageURL": "https://dtgxwmigmg3gc.cloudfront.net/imagery/assets/derivations/icon/512/512/true/eyJpZCI6IjA2NGMxOGY0ZGZmNTVlMTNmNzA4ZjMxMWMyNGZjZjAyIiwic3RvcmFnZSI6InB1YmxpY19zdG9yZSJ9?signature=0b55cb185296dc7565fe1f5b72fcfd3d848728a98d940d66324e3ac86e1d833a",
            "productDescription": "",
            "volume": "550ml"
        },
        "priceData": {
            "bestPrice": "3.69",
            "price": "3.69",
            "pricePerLitre": 6.709090909090909,
            "bestPricePerLitre": 6.709090909090909
        },
        "store": {
            "id": "5e76c1751db5f56964001ad3",
            "name": "Wanganui"
        }
    },
    {
        "productData": {
            "name": "Monster Energy Drink Ultra Paradise 500ml",
            "productId": "monster-energy-drink-ultra-paradise-500ml",
            "productShopPage": "https://wanganui.store.supervalue.co.nz/lines/monster-energy-drink-ultra-paradise-500ml",
            "productImageURL": "https://dtgxwmigmg3gc.cloudfront.net/imagery/assets/derivations/icon/512/512/true/eyJpZCI6IjU3ZTFkM2FiYTM1NTE5MjBjNGY3YWQ1MDlmN2JiM2FiIiwic3RvcmFnZSI6InB1YmxpY19zdG9yZSJ9?signature=f112dbd2da966f41ee31deb58894dec2d4e327e223dcd676069650d679f43cb5",
            "productDescription": "",
            "volume": "500ml"
        },
        "priceData": {
            "bestPrice": "3.60",
            "price": "3.60",
            "pricePerLitre": 7.2,
            "bestPricePerLitre": 7.2
        },
        "store": {
            "id": "5e76c1751db5f56964001ad3",
            "name": "Wanganui"
        }
    },
    {
        "productData": {
            "name": "Monster Energy Ultra Zero 500ml Can 500ml",
            "productId": "monster-energy-ultra-zero-500ml",
            "productShopPage": "https://wanganui.store.supervalue.co.nz/lines/monster-energy-ultra-zero-500ml",
            "productImageURL": "https://dtgxwmigmg3gc.cloudfront.net/imagery/assets/derivations/icon/512/512/true/eyJpZCI6IjE2ZDZhZmVkN2M0YjVjMzRmMjExNGJhNWQyMzhlOTQ4Iiwic3RvcmFnZSI6InB1YmxpY19zdG9yZSJ9?signature=10ef7ab522a8389710a24973bac3bd88af990f17b5da987fda62632f41e72ced",
            "productDescription": "",
            "volume": "500ml"
        },
        "priceData": {
            "bestPrice": "3.60",
            "price": "3.60",
            "pricePerLitre": 7.2,
            "bestPricePerLitre": 7.2
        },
        "store": {
            "id": "5e76c1751db5f56964001ad3",
            "name": "Wanganui"
        }
    },
    {
        "productData": {
            "name": "Monster Energy Green 500ml",
            "productId": "monster-energy-green-500ml",
            "productShopPage": "https://wanganui.store.supervalue.co.nz/lines/monster-energy-green-500ml",
            "productImageURL": "https://dtgxwmigmg3gc.cloudfront.net/imagery/assets/derivations/icon/512/512/true/eyJpZCI6IjdlMWQ4YzE4OWEzYjkxOWExNTNiZDRmMGNhMjA0MGFjIiwic3RvcmFnZSI6InB1YmxpY19zdG9yZSJ9?signature=7d8e276d7131e46748c715b58473be8fec7d21f3d10abd6d108f8b0cb856d4a3",
            "productDescription": "",
            "volume": "500ml"
        },
        "priceData": {
            "bestPrice": "3.60",
            "price": "3.60",
            "pricePerLitre": 7.2,
            "bestPricePerLitre": 7.2
        },
        "store": {
            "id": "5e76c1751db5f56964001ad3",
            "name": "Wanganui"
        }
    },
    {
        "productData": {
            "name": "Monster Energy Drink Ultra Rosa 500ml",
            "productId": "monster-energy-drink-ultra-rosa-500ml",
            "productShopPage": "https://wanganui.store.supervalue.co.nz/lines/monster-energy-drink-ultra-rosa-500ml",
            "productImageURL": "https://dtgxwmigmg3gc.cloudfront.net/imagery/assets/derivations/icon/512/512/true/eyJpZCI6IjBmZDhiOGI4MDk3NDYzMDI0ZGQ4OTdhYTk2ZmVmMmRiIiwic3RvcmFnZSI6InB1YmxpY19zdG9yZSJ9?signature=b524829083fd581b245f26f999cd130415f1b63b346277cf6a7a0faece216093",
            "productDescription": "",
            "volume": "500ml"
        },
        "priceData": {
            "bestPrice": "3.60",
            "price": "3.60",
            "pricePerLitre": 7.2,
            "bestPricePerLitre": 7.2
        },
        "store": {
            "id": "5e76c1751db5f56964001ad3",
            "name": "Wanganui"
        }
    },
    {
        "productData": {
            "name": "Mother Energy Drink Berry 500ml",
            "productId": "mother-energy-drink-berry-500ml",
            "productShopPage": "https://wanganui.store.supervalue.co.nz/lines/mother-energy-drink-berry-500ml",
            "productImageURL": "https://dtgxwmigmg3gc.cloudfront.net/imagery/assets/derivations/icon/512/512/true/eyJpZCI6ImRhYTJlNjUzNzRjZjViNjI0ZDljNzUzNDA3YmE0ZDFkIiwic3RvcmFnZSI6InB1YmxpY19zdG9yZSJ9?signature=d9ffb465d71d599811c2ff7a788845bfe297eb3624ad7866a89cf0b3ece073f0",
            "productDescription": "",
            "volume": "500ml"
        },
        "priceData": {
            "bestPrice": "3.20",
            "price": "3.20",
            "pricePerLitre": 6.4,
            "bestPricePerLitre": 6.4
        },
        "store": {
            "id": "5e76c1751db5f56964001ad3",
            "name": "Wanganui"
        }
    },
    {
        "productData": {
            "name": "Mother Energy Drink Black 500ml",
            "productId": "mother-energy-drink-black-500ml",
            "productShopPage": "https://wanganui.store.supervalue.co.nz/lines/mother-energy-drink-black-500ml",
            "productImageURL": "https://dtgxwmigmg3gc.cloudfront.net/imagery/assets/derivations/icon/512/512/true/eyJpZCI6ImYyMzA5MjhkYjg3ODFhYmYzZDU3ZjE1YjNmYzU2MWFjIiwic3RvcmFnZSI6InB1YmxpY19zdG9yZSJ9?signature=d3dbddb83d3d457075cd5d8936bef0c5b48fce4fa3fe725995d8b6d57219ceb5",
            "productDescription": "",
            "volume": "500ml"
        },
        "priceData": {
            "bestPrice": "3.20",
            "price": "3.20",
            "pricePerLitre": 6.4,
            "bestPricePerLitre": 6.4
        },
        "store": {
            "id": "5e76c1751db5f56964001ad3",
            "name": "Wanganui"
        }
    },
    {
        "productData": {
            "name": "Mother Energy Drink Passion 500ml",
            "productId": "mother-energy-drink-passion-500ml",
            "productShopPage": "https://wanganui.store.supervalue.co.nz/lines/mother-energy-drink-passion-500ml",
            "productImageURL": "https://dtgxwmigmg3gc.cloudfront.net/imagery/assets/derivations/icon/512/512/true/eyJpZCI6ImFkZDQ3ZmI4MGJjMmU2ZTgxNDcxNDRhYWFmOWZkYzViIiwic3RvcmFnZSI6InB1YmxpY19zdG9yZSJ9?signature=c8aea44ce6ff965b9e87fcb9f60849b0328e9b8983b9d5547e51c910f8f5368b",
            "productDescription": "",
            "volume": "500ml"
        },
        "priceData": {
            "bestPrice": "3.20",
            "price": "3.20",
            "pricePerLitre": 6.4,
            "bestPricePerLitre": 6.4
        },
        "store": {
            "id": "5e76c1751db5f56964001ad3",
            "name": "Wanganui"
        }
    },
    {
        "productData": {
            "name": "Mother Tropical Blast 500ml",
            "productId": "mother-tropical-blast-500ml",
            "productShopPage": "https://wanganui.store.supervalue.co.nz/lines/mother-tropical-blast-500ml",
            "productImageURL": "https://dtgxwmigmg3gc.cloudfront.net/imagery/assets/derivations/icon/512/512/true/eyJpZCI6IjY2ODFiOTc3MTY1OWVlZGI0YWU0ZDEwNmRkMWI3MTFmIiwic3RvcmFnZSI6InB1YmxpY19zdG9yZSJ9?signature=d1b01bfff1b3992a83da4126d87194cc3819f2c04c19ef718954650d0bb059a1",
            "productDescription": "",
            "volume": "500ml"
        },
        "priceData": {
            "bestPrice": "3.20",
            "price": "3.20",
            "pricePerLitre": 6.4,
            "bestPricePerLitre": 6.4
        },
        "store": {
            "id": "5e76c1751db5f56964001ad3",
            "name": "Wanganui"
        }
    },
    {
        "productData": {
            "name": "Mother Epic Swell Energy Drink Twisted Apple 500ml",
            "productId": "mother-epic-swell-energy-drink-twisted-apple-500ml",
            "productShopPage": "https://wanganui.store.supervalue.co.nz/lines/mother-epic-swell-energy-drink-twisted-apple-500ml",
            "productImageURL": "https://dtgxwmigmg3gc.cloudfront.net/imagery/assets/derivations/icon/512/512/true/eyJpZCI6IjE3NGY3OWU3NDkwYTQ5MGE4NGFkNjYzZjVlODdjNzlmIiwic3RvcmFnZSI6InB1YmxpY19zdG9yZSJ9?signature=8b8c94eb83ff8e282e2c9309d499d02862cc0d052bea74cb186828b6e121cc4e",
            "productDescription": "",
            "volume": "500ml"
        },
        "priceData": {
            "bestPrice": "3.20",
            "price": "3.20",
            "pricePerLitre": 6.4,
            "bestPricePerLitre": 6.4
        },
        "store": {
            "id": "5e76c1751db5f56964001ad3",
            "name": "Wanganui"
        }
    },
    {
        "productData": {
            "name": "Monster Energy Juice Mango Loco 500ml",
            "productId": "monster-energy-juice-mango-loco-500ml-can",
            "productShopPage": "https://wanganui.store.supervalue.co.nz/lines/monster-energy-juice-mango-loco-500ml-can",
            "productImageURL": "https://dtgxwmigmg3gc.cloudfront.net/imagery/assets/derivations/icon/512/512/true/eyJpZCI6ImFiNTMzOTMyOWEwYWQ0NzdjMjJjNjlkMzQxZTNhOGQxIiwic3RvcmFnZSI6InB1YmxpY19zdG9yZSJ9?signature=68e99f74abe4c896ded0dd7313a3b51988c1e1a783fd4322eb0d59affb53ec54",
            "productDescription": "",
            "volume": "500ml"
        },
        "priceData": {
            "bestPrice": "3.60",
            "price": "3.60",
            "pricePerLitre": 7.2,
            "bestPricePerLitre": 7.2
        },
        "store": {
            "id": "5e76c1751db5f56964001ad3",
            "name": "Wanganui"
        }
    },
    {
        "productData": {
            "name": "V Energy Drink 710ml Can",
            "productId": "v-energy-drink-710ml-can",
            "productShopPage": "https://wanganui.store.supervalue.co.nz/lines/v-energy-drink-710ml-can",
            "productImageURL": "https://dtgxwmigmg3gc.cloudfront.net/imagery/assets/derivations/icon/512/512/true/eyJpZCI6ImU1Mjg5NDIyNDI0MzhlNGM0N2IxY2FmMmExOWQ0OGI0Iiwic3RvcmFnZSI6InB1YmxpY19zdG9yZSJ9?signature=875386458f8ad66eb59967a1ca6ad24a19d1592f97a894e439af7d9be1852340",
            "productDescription": "",
            "volume": "710ml"
        },
        "priceData": {
            "bestPrice": "3.90",
            "price": "3.90",
            "pricePerLitre": 5.492957746478873,
            "bestPricePerLitre": 5.492957746478873
        },
        "store": {
            "id": "5e76c1751db5f56964001ad3",
            "name": "Wanganui"
        }
    },
    {
        "productData": {
            "name": "V Energy Drink Guarana 500ml",
            "productId": "v-energy-drink-guarana-500ml",
            "productShopPage": "https://wanganui.store.supervalue.co.nz/lines/v-energy-drink-guarana-500ml",
            "productImageURL": "https://dtgxwmigmg3gc.cloudfront.net/imagery/assets/derivations/icon/512/512/true/eyJpZCI6IjgzZDAxMjhiMzg4NmEwZmE4YTE2ZjY2NWIzNmM2NzI2Iiwic3RvcmFnZSI6InB1YmxpY19zdG9yZSJ9?signature=f55ecc561066291a4e74a967db35ea2355f881bd1708bf400fd790032384ae4f",
            "productDescription": "",
            "volume": "500ml"
        },
        "priceData": {
            "bestPrice": "2.80",
            "price": "2.80",
            "pricePerLitre": 5.6,
            "bestPricePerLitre": 5.6
        },
        "store": {
            "id": "5e76c1751db5f56964001ad3",
            "name": "Wanganui"
        }
    },
    {
        "productData": {
            "name": "V Energy Drink Sugarfree 500ml",
            "productId": "v-energy-drink-sugarfree-500ml",
            "productShopPage": "https://wanganui.store.supervalue.co.nz/lines/v-energy-drink-sugarfree-500ml",
            "productImageURL": "https://dtgxwmigmg3gc.cloudfront.net/imagery/assets/derivations/icon/512/512/true/eyJpZCI6ImVkZTAxNTNmMDI1NmU1NDZjNWQ5MTc3MjE3ZTQ3YTQ0Iiwic3RvcmFnZSI6InB1YmxpY19zdG9yZSJ9?signature=abcf72d9faa9ee3044eaa3b7ee0bf9b4fd8f582379018d8727f2234b7d3f3c85",
            "productDescription": "",
            "volume": "500ml"
        },
        "priceData": {
            "bestPrice": "2.80",
            "price": "2.80",
            "pricePerLitre": 5.6,
            "bestPricePerLitre": 5.6
        },
        "store": {
            "id": "5e76c1751db5f56964001ad3",
            "name": "Wanganui"
        }
    },
    {
        "productData": {
            "name": "V Energy Drink Sugar Free Guarana 250ml",
            "productId": "v-energy-drink-sugar-free-guarana-250ml",
            "productShopPage": "https://wanganui.store.supervalue.co.nz/lines/v-energy-drink-sugar-free-guarana-250ml",
            "productImageURL": "https://dtgxwmigmg3gc.cloudfront.net/imagery/assets/derivations/icon/512/512/true/eyJpZCI6ImZiNzM1NmU4NTMyZDllODlkZTljZmNlOGY2MzQ5NGQwIiwic3RvcmFnZSI6InB1YmxpY19zdG9yZSJ9?signature=72b0ce0a48ca796717c115fe5e8b4564501470f63bf80ae865d26e9d131a2b8c",
            "productDescription": "",
            "volume": "250ml"
        },
        "priceData": {
            "bestPrice": "2.40",
            "price": "2.40",
            "pricePerLitre": 9.6,
            "bestPricePerLitre": 9.6
        },
        "store": {
            "id": "5e76c1751db5f56964001ad3",
            "name": "Wanganui"
        }
    },
    {
        "productData": {
            "name": "V Energy Drink Blue Guarana Spritzed 350ml",
            "productId": "v-blue-energy-drink-blue-guarana-spritzed-350ml",
            "productShopPage": "https://wanganui.store.supervalue.co.nz/lines/v-blue-energy-drink-blue-guarana-spritzed-350ml",
            "productImageURL": "https://dtgxwmigmg3gc.cloudfront.net/imagery/assets/derivations/icon/512/512/true/eyJpZCI6ImY2OTRlZGI4NjdlNWMzZDM5NzgzMDQ0ODFkMzUxZGZiIiwic3RvcmFnZSI6InB1YmxpY19zdG9yZSJ9?signature=591b3079cb9c2407a29b3bc348eaf42dc1d34daba5c9d7aba65be654725b6719",
            "productDescription": "",
            "volume": "350ml"
        },
        "priceData": {
            "bestPrice": "4.00",
            "price": "4.00",
            "pricePerLitre": 11.428571428571429,
            "bestPricePerLitre": 11.428571428571429
        },
        "store": {
            "id": "5e76c1751db5f56964001ad3",
            "name": "Wanganui"
        }
    },
    {
        "productData": {
            "name": "V Energy Drink Green Guarana 350ml",
            "productId": "v-energy-drink-green-guarana-350ml",
            "productShopPage": "https://wanganui.store.supervalue.co.nz/lines/v-energy-drink-green-guarana-350ml",
            "productImageURL": "https://dtgxwmigmg3gc.cloudfront.net/imagery/assets/derivations/icon/512/512/true/eyJpZCI6IjRiNjY4ZjYxOTQ2ODYyN2MzM2NiZWMyNGUyNmIyODk4Iiwic3RvcmFnZSI6InB1YmxpY19zdG9yZSJ9?signature=4cded9cb42349eef45a593461f311b1bb7fa881295733879671ad9fe9887d30c",
            "productDescription": "",
            "volume": "350ml"
        },
        "priceData": {
            "bestPrice": "4.00",
            "price": "4.00",
            "pricePerLitre": 11.428571428571429,
            "bestPricePerLitre": 11.428571428571429
        },
        "store": {
            "id": "5e76c1751db5f56964001ad3",
            "name": "Wanganui"
        }
    },
    {
        "productData": {
            "name": "V Energy Drink Guarana Can 250ml",
            "productId": "v-energy-drink-guarana-can-250ml",
            "productShopPage": "https://wanganui.store.supervalue.co.nz/lines/v-energy-drink-guarana-can-250ml",
            "productImageURL": "https://dtgxwmigmg3gc.cloudfront.net/imagery/assets/derivations/icon/512/512/true/eyJpZCI6Ijc3Nzk1NjE2ZDhhNmFiMThhYzEzODYzOTg2ZmNkNzgwIiwic3RvcmFnZSI6InB1YmxpY19zdG9yZSJ9?signature=f5de1854d43e19cc62bff86893d4a55615cd916f8425a4dccd170b52eba81255",
            "productDescription": "",
            "volume": "250ml"
        },
        "priceData": {
            "bestPrice": "2.40",
            "price": "2.40",
            "pricePerLitre": 9.6,
            "bestPricePerLitre": 9.6
        },
        "store": {
            "id": "5e76c1751db5f56964001ad3",
            "name": "Wanganui"
        }
    },
    {
        "productData": {
            "name": "V Energy Drink Guarana Can 500ml",
            "productId": "v-energy-drink-guarana-can-500ml",
            "productShopPage": "https://wanganui.store.supervalue.co.nz/lines/v-energy-drink-guarana-can-500ml",
            "productImageURL": "https://dtgxwmigmg3gc.cloudfront.net/imagery/assets/derivations/icon/512/512/true/eyJpZCI6ImI0NjgzNGZjNDRkMjU0MjgzYzJjZGNhMzA2NWIxYjA5Iiwic3RvcmFnZSI6InB1YmxpY19zdG9yZSJ9?signature=265e8273409849423466e7623cbbdf8352940707b8830803eec391e8f32c9c5f",
            "productDescription": "",
            "volume": "500ml"
        },
        "priceData": {
            "bestPrice": "4.00",
            "price": "4.00",
            "pricePerLitre": 8.0,
            "bestPricePerLitre": 8.0
        },
        "store": {
            "id": "5e76c1751db5f56964001ad3",
            "name": "Wanganui"
        }
    },
    {
        "productData": {
            "name": "V Energy Drink Sugar Free Guarana 500ml",
            "productId": "v-energy-drink-sugar-free-guarana-500ml",
            "productShopPage": "https://wanganui.store.supervalue.co.nz/lines/v-energy-drink-sugar-free-guarana-500ml",
            "productImageURL": "https://dtgxwmigmg3gc.cloudfront.net/imagery/assets/derivations/icon/512/512/true/eyJpZCI6Ijg4MGExMDYxOTY4NTJiYzM1ZTExMmU2MGE2OWYxNDE3Iiwic3RvcmFnZSI6InB1YmxpY19zdG9yZSJ9?signature=b0536d25b9da8158705e24c88e21fabbf85c1dabc19f18108c386e956ffd7045",
            "productDescription": "",
            "volume": "500ml"
        },
        "priceData": {
            "bestPrice": "4.00",
            "price": "4.00",
            "pricePerLitre": 8.0,
            "bestPricePerLitre": 8.0
        },
        "store": {
            "id": "5e76c1751db5f56964001ad3",
            "name": "Wanganui"
        }
    },
    {
        "productData": {
            "name": "V Blue Energy Drink Bottle 500ml",
            "productId": "v-blue-energy-drink-bottle-500ml",
            "productShopPage": "https://wanganui.store.supervalue.co.nz/lines/v-blue-energy-drink-bottle-500ml",
            "productImageURL": "https://dtgxwmigmg3gc.cloudfront.net/imagery/assets/derivations/icon/512/512/true/eyJpZCI6IjgyYWYxYWY4MGI4MzUxODhiYmVhZGVhM2U2NzY0MzI5Iiwic3RvcmFnZSI6InB1YmxpY19zdG9yZSJ9?signature=7e70fc576864a528a1431734d680cbf177a11b419a692dbfd34800c31b8944ec",
            "productDescription": "",
            "volume": "500ml"
        },
        "priceData": {
            "bestPrice": "2.80",
            "price": "2.80",
            "pricePerLitre": 5.6,
            "bestPricePerLitre": 5.6
        },
        "store": {
            "id": "5e76c1751db5f56964001ad3",
            "name": "Wanganui"
        }
    },
    {
        "productData": {
            "name": "V Blue Sugarfree Energy Drink 500ml",
            "productId": "v-blue-sugarfree-energy-drink-500ml",
            "productShopPage": "https://wanganui.store.supervalue.co.nz/lines/v-blue-sugarfree-energy-drink-500ml",
            "productImageURL": "https://dtgxwmigmg3gc.cloudfront.net/imagery/assets/derivations/icon/512/512/true/eyJpZCI6ImVmYjQyOWRmM2JjZjc3NTY1ZDIwMTEyNTY0MDdmZjA1Iiwic3RvcmFnZSI6InB1YmxpY19zdG9yZSJ9?signature=2911d59474d8305039a3be3bef0f887c38d9ab84596314b13cc4b150101175ab",
            "productDescription": "",
            "volume": "500ml"
        },
        "priceData": {
            "bestPrice": "4.00",
            "price": "4.00",
            "pricePerLitre": 8.0,
            "bestPricePerLitre": 8.0
        },
        "store": {
            "id": "5e76c1751db5f56964001ad3",
            "name": "Wanganui"
        }
    },
    {
        "productData": {
            "name": "V Raspberry Lemonade Energy Drink 500ml",
            "productId": "v-energy-drink-raspberry-lemonade-500ml-can",
            "productShopPage": "https://wanganui.store.supervalue.co.nz/lines/v-energy-drink-raspberry-lemonade-500ml-can",
            "productImageURL": "https://dtgxwmigmg3gc.cloudfront.net/imagery/assets/derivations/icon/512/512/true/eyJpZCI6ImE3N2Y5NzBmY2FhOWZhYmZiOTc3MmYyMzE4MGRiOTcxIiwic3RvcmFnZSI6InB1YmxpY19zdG9yZSJ9?signature=2bb7890fe6d7b0c0c6a522be31c78077be0aa570ca4c8aa5549ccf80761262dc",
            "productDescription": "",
            "volume": "500ml"
        },
        "priceData": {
            "bestPrice": "4.00",
            "price": "4.00",
            "pricePerLitre": 8.0,
            "bestPricePerLitre": 8.0
        },
        "store": {
            "id": "5e76c1751db5f56964001ad3",
            "name": "Wanganui"
        }
    },
    {
        "productData": {
            "name": "V Blue Energy Drink Blue Guarana Can 250ml",
            "productId": "v-blue-energy-drink-blue-guarana-can-250ml",
            "productShopPage": "https://wanganui.store.supervalue.co.nz/lines/v-blue-energy-drink-blue-guarana-can-250ml",
            "productImageURL": "https://dtgxwmigmg3gc.cloudfront.net/imagery/assets/derivations/icon/512/512/true/eyJpZCI6IjBmZjQwNDEyZWQ2ZDk4YTg3YWQ2ZDUyMWZlNjM1YzJkIiwic3RvcmFnZSI6InB1YmxpY19zdG9yZSJ9?signature=8f745abe5614ec47b3d7a07f1a34ba529184a87b2a696211ba5a0f9f29c86bf0",
            "productDescription": "",
            "volume": "250ml"
        },
        "priceData": {
            "bestPrice": "2.40",
            "price": "2.40",
            "pricePerLitre": 9.6,
            "bestPricePerLitre": 9.6
        },
        "store": {
            "id": "5e76c1751db5f56964001ad3",
            "name": "Wanganui"
        }
    },
    {
        "productData": {
            "name": "V Blue Energy Drink Blue Guarana Can 500ml",
            "productId": "v-blue-energy-drink-blue-guarana-can-500ml",
            "productShopPage": "https://wanganui.store.supervalue.co.nz/lines/v-blue-energy-drink-blue-guarana-can-500ml",
            "productImageURL": "https://dtgxwmigmg3gc.cloudfront.net/imagery/assets/derivations/icon/512/512/true/eyJpZCI6ImFmYjEyYjVjYTU2YWI5ZDJhMTVmNGY2MDg2NWFlNzgxIiwic3RvcmFnZSI6InB1YmxpY19zdG9yZSJ9?signature=b537a8cc5a2c0f90f1702b2c541db44c3a740a0ec4a96e92ab2d6537f9320e8d",
            "productDescription": "",
            "volume": "500ml"
        },
        "priceData": {
            "bestPrice": "4.00",
            "price": "4.00",
            "pricePerLitre": 8.0,
            "bestPricePerLitre": 8.0
        },
        "store": {
            "id": "5e76c1751db5f56964001ad3",
            "name": "Wanganui"
        }
    },
    {
        "productData": {
            "name": "V Energy Drink Sugar Free Guarana Bottle 350ml",
            "productId": "v-energy-drink-sugar-free-guarana-bottle-350ml",
            "productShopPage": "https://wanganui.store.supervalue.co.nz/lines/v-energy-drink-sugar-free-guarana-bottle-350ml",
            "productImageURL": "https://dtgxwmigmg3gc.cloudfront.net/imagery/assets/derivations/icon/512/512/true/eyJpZCI6ImM4MGVkZDY3Mjg5MTdjYTdhMTgxMzUxMTVkZmFlNzcxIiwic3RvcmFnZSI6InB1YmxpY19zdG9yZSJ9?signature=bfa701331e490bfdd2ed98e1c24e4f875f18a45383fc75ce599441cb0aa072cd",
            "productDescription": "",
            "volume": "350ml"
        },
        "priceData": {
            "bestPrice": "4.00",
            "price": "4.00",
            "pricePerLitre": 11.428571428571429,
            "bestPricePerLitre": 11.428571428571429
        },
        "store": {
            "id": "5e76c1751db5f56964001ad3",
            "name": "Wanganui"
        }
    },
    {
        "productData": {
            "name": "Monster Mule Energy Drink 500ml",
            "productId": "monster-mule-ginger-brew-500ml",
            "productShopPage": "https://wanganui.store.supervalue.co.nz/lines/monster-mule-ginger-brew-500ml",
            "productImageURL": "https://dtgxwmigmg3gc.cloudfront.net/imagery/assets/derivations/icon/512/512/true/eyJpZCI6ImM1OTM5MTIyZTRlNmNhNzk0ODFlMDE4ZWVmMWE2Y2ZlIiwic3RvcmFnZSI6InB1YmxpY19zdG9yZSJ9?signature=5d11287f30ef58c148e37382d61c0d83097d5461683a9aa5dd9456941c1f32e5",
            "productDescription": "",
            "volume": "500ml"
        },
        "priceData": {
            "bestPrice": "3.60",
            "price": "3.60",
            "pricePerLitre": 7.2,
            "bestPricePerLitre": 7.2
        },
        "store": {
            "id": "5e76c1751db5f56964001ad3",
            "name": "Wanganui"
        }
    },
    {
        "productData": {
            "name": "Monster Energy Pipeline Punch 500ml",
            "productId": "monster-energy-pipeline-punch-500ml",
            "productShopPage": "https://wanganui.store.supervalue.co.nz/lines/monster-energy-pipeline-punch-500ml",
            "productImageURL": "https://dtgxwmigmg3gc.cloudfront.net/imagery/assets/derivations/icon/512/512/true/eyJpZCI6IjBhODJhZGNkMWY5YThiMWQ5ZjY0YjRjNGE0YWQwMzMxIiwic3RvcmFnZSI6InB1YmxpY19zdG9yZSJ9?signature=7a4880545cb059c8f06a41c671fb0785b7cddf3903741ed2f081d6bcf2e5189f",
            "productDescription": "",
            "volume": "500ml"
        },
        "priceData": {
            "bestPrice": "3.60",
            "price": "3.60",
            "pricePerLitre": 7.2,
            "bestPricePerLitre": 7.2
        },
        "store": {
            "id": "5e76c1751db5f56964001ad3",
            "name": "Wanganui"
        }
    },
    {
        "productData": {
            "name": "Live Plus Energy Drink Citrus Flavour 500ml",
            "productId": "live-plus-persist-500ml",
            "productShopPage": "https://wanganui.store.supervalue.co.nz/lines/live-plus-persist-500ml",
            "productImageURL": "https://dtgxwmigmg3gc.cloudfront.net/imagery/assets/derivations/icon/512/512/true/eyJpZCI6IjFlNWQ5YzI4OWM1N2UzNmYzZmI2NThlMDQzZTI3ZjE4Iiwic3RvcmFnZSI6InB1YmxpY19zdG9yZSJ9?signature=756b17fefe47174b90e7dbec8cd09db27f9f59f4994bc750b71256ae93ba9fa8",
            "productDescription": "",
            "volume": "500ml"
        },
        "priceData": {
            "bestPrice": "3.20",
            "price": "3.20",
            "pricePerLitre": 6.4,
            "bestPricePerLitre": 6.4
        },
        "store": {
            "id": "5e76c1751db5f56964001ad3",
            "name": "Wanganui"
        }
    },
    {
        "productData": {
            "name": "Live Plus Energy Drink Tart Apple Apple Flavour 500ml",
            "productId": "live-plus-ignite-500ml",
            "productShopPage": "https://wanganui.store.supervalue.co.nz/lines/live-plus-ignite-500ml",
            "productImageURL": "https://dtgxwmigmg3gc.cloudfront.net/imagery/assets/derivations/icon/512/512/true/eyJpZCI6IjViOGViZjhmZTQzYjFlYTMzNDM5YjJjMjg3ZDRmY2YyIiwic3RvcmFnZSI6InB1YmxpY19zdG9yZSJ9?signature=140ae19352cd0dcec7e77f90fa4dfaa9fa17086439f730510afc5d906e1415bf",
            "productDescription": "",
            "volume": "500ml"
        },
        "priceData": {
            "bestPrice": "3.20",
            "price": "3.20",
            "pricePerLitre": 6.4,
            "bestPricePerLitre": 6.4
        },
        "store": {
            "id": "5e76c1751db5f56964001ad3",
            "name": "Wanganui"
        }
    },
    {
        "productData": {
            "name": "V Guarana Energy Drink Blue Sugarfree 250ml",
            "productId": "v-blue-sugarfree-energy-drink-250ml",
            "productShopPage": "https://wanganui.store.supervalue.co.nz/lines/v-blue-sugarfree-energy-drink-250ml",
            "productImageURL": "https://dtgxwmigmg3gc.cloudfront.net/imagery/assets/derivations/icon/512/512/true/eyJpZCI6IjI3YWJiOTVhYjNhMjEwMDU2MWJhMmRhNTM3YjRhZjVmIiwic3RvcmFnZSI6InB1YmxpY19zdG9yZSJ9?signature=66769306ca1d0ba674603954d338186dc999f6d1839090d49fde9416b3252365",
            "productDescription": "",
            "volume": "250ml"
        },
        "priceData": {
            "bestPrice": "2.40",
            "price": "2.40",
            "pricePerLitre": 9.6,
            "bestPricePerLitre": 9.6
        },
        "store": {
            "id": "5e76c1751db5f56964001ad3",
            "name": "Wanganui"
        }
    },
    {
        "productData": {
            "name": "Live Plus Energy Drink Original Citrus Flavour 6 x 250ml",
            "productId": "live-plus-persist-250ml-6pack",
            "productShopPage": "https://wanganui.store.supervalue.co.nz/lines/live-plus-persist-250ml-6pack",
            "productImageURL": "https://dtgxwmigmg3gc.cloudfront.net/imagery/assets/derivations/icon/512/512/true/eyJpZCI6IjNmODNiNGI4MzI4MzJmNzhjZmJhNDA1OGUyZWFlM2ZhIiwic3RvcmFnZSI6InB1YmxpY19zdG9yZSJ9?signature=0257f943d0c41562773e51cbd42327ad911228832e33494e9c30381e20305337",
            "productDescription": "",
            "volume": "250ml"
        },
        "priceData": {
            "bestPrice": "8.00",
            "price": "8.00",
            "pricePerLitre": 32.0,
            "bestPricePerLitre": 32.0
        },
        "store": {
            "id": "5e76c1751db5f56964001ad3",
            "name": "Wanganui"
        }
    },
    {
        "productData": {
            "name": "Rockstar Punched Energy Guava 500ml",
            "productId": "rockstar-punched-energy-guava-500ml",
            "productShopPage": "https://wanganui.store.supervalue.co.nz/lines/rockstar-punched-energy-guava-500ml",
            "productImageURL": "https://dtgxwmigmg3gc.cloudfront.net/imagery/assets/derivations/icon/512/512/true/eyJpZCI6ImEzMDQwMDA1ZTlmNTRmNTczMTYzMDE1Yjk2NTFmZDIxIiwic3RvcmFnZSI6InB1YmxpY19zdG9yZSJ9?signature=bfb6b62e0f648da1212eb37234f40b47cf3251c956e2d837473e2acee3a5a4ef",
            "productDescription": "",
            "volume": "500ml"
        },
        "priceData": {
            "bestPrice": "2.20",
            "price": "2.20",
            "pricePerLitre": 4.4,
            "bestPricePerLitre": 4.4
        },
        "store": {
            "id": "5e76c1751db5f56964001ad3",
            "name": "Wanganui"
        }
    },
    {
        "productData": {
            "name": "Live Plus Energy Drink Sugar Free Citrus Flavour 250ml",
            "productId": "live-plus-zero-sug-citrus-500ml",
            "productShopPage": "https://wanganui.store.supervalue.co.nz/lines/live-plus-zero-sug-citrus-500ml",
            "productImageURL": "https://dtgxwmigmg3gc.cloudfront.net/imagery/assets/derivations/icon/512/512/true/eyJpZCI6IjhkZGE2ODE2ZDc4Y2E5MmUxZTQ3YjAxOWExZjNlMTU5Iiwic3RvcmFnZSI6InB1YmxpY19zdG9yZSJ9?signature=ab72ec55544855bdd6eb188264cd302aac7f6bc747af365b1624653223d6953d",
            "productDescription": "",
            "volume": "250ml"
        },
        "priceData": {
            "bestPrice": "3.20",
            "price": "3.20",
            "pricePerLitre": 12.8,
            "bestPricePerLitre": 12.8
        },
        "store": {
            "id": "5e76c1751db5f56964001ad3",
            "name": "Wanganui"
        }
    },
    {
        "productData": {
            "name": "Live Plus Energy Drink Original Cans 250ml",
            "productId": "live-plus-energy-drink-original-cans-250ml",
            "productShopPage": "https://wanganui.store.supervalue.co.nz/lines/live-plus-energy-drink-original-cans-250ml",
            "productImageURL": "https://dtgxwmigmg3gc.cloudfront.net/imagery/assets/derivations/icon/512/512/true/eyJpZCI6IjJkOWMwNTExZWI5MDY3MmRhYzk2OWQzYTlmMDZlMzg4Iiwic3RvcmFnZSI6InB1YmxpY19zdG9yZSJ9?signature=ca15999b181bd95a0f396d2cd4687f7864bd189801bd1939021ec51f40f803ee",
            "productDescription": "",
            "volume": "250ml"
        },
        "priceData": {
            "bestPrice": "2.50",
            "price": "2.50",
            "pricePerLitre": 10.0,
            "bestPricePerLitre": 10.0
        },
        "store": {
            "id": "5e76c1751db5f56964001ad3",
            "name": "Wanganui"
        }
    },
    {
        "productData": {
            "name": "Monster Super Fuel Tropical Thunder 550ml",
            "productId": "monster-super-fuel-tropical-thunder-550ml",
            "productShopPage": "https://wanganui.store.supervalue.co.nz/lines/monster-super-fuel-tropical-thunder-550ml",
            "productImageURL": "https://dtgxwmigmg3gc.cloudfront.net/imagery/assets/derivations/icon/512/512/true/eyJpZCI6ImU1MDMwZGIyMGNiOTQ2NWRlMWY3OWVkYmMxNGI4Zjg2Iiwic3RvcmFnZSI6InB1YmxpY19zdG9yZSJ9?signature=edda4faf145060b78b7a826b3d26392e4283e9f7f22cebee6de6f90f70d215de",
            "productDescription": "",
            "volume": "550ml"
        },
        "priceData": {
            "bestPrice": "4.70",
            "price": "4.70",
            "pricePerLitre": 8.545454545454545,
            "bestPricePerLitre": 8.545454545454545
        },
        "store": {
            "id": "5e76c1751db5f56964001ad3",
            "name": "Wanganui"
        }
    },
    {
        "productData": {
            "name": "V Refresh Energy Drink Citrus Lemonade 500ml Can 500ml",
            "productId": "v-refresh-energy-drink-citrus-lemonade-500ml-can-500ml",
            "productShopPage": "https://woburn.store.supervalue.co.nz/lines/v-refresh-energy-drink-citrus-lemonade-500ml-can-500ml",
            "productImageURL": "https://dtgxwmigmg3gc.cloudfront.net/imagery/assets/derivations/icon/512/512/true/eyJpZCI6IjVlN2QyZDg4OTlkNWVhZDc1OTM3YzEwZDgwOTg1NjJmIiwic3RvcmFnZSI6InB1YmxpY19zdG9yZSJ9?signature=35586a0457373f804173605ba7f35fb0b256a119e67175911e869a6f42785c11",
            "productDescription": "",
            "volume": "500ml"
        },
        "priceData": {
            "bestPrice": "3.30",
            "price": "3.30",
            "pricePerLitre": 6.6,
            "bestPricePerLitre": 6.6
        },
        "store": {
            "id": "5e7925bf04015f1a9e06373e",
            "name": "Woburn"
        }
    },
    {
        "productData": {
            "name": "Monster Energy Drink Ultra Gold 500ml",
            "productId": "monster-energy-drink-ultra-gold-500ml",
            "productShopPage": "https://woburn.store.supervalue.co.nz/lines/monster-energy-drink-ultra-gold-500ml",
            "productImageURL": "https://dtgxwmigmg3gc.cloudfront.net/imagery/assets/derivations/icon/512/512/true/eyJpZCI6ImM3MmEwNWIyMjE0YTAzMjcyNzFhYjMyZTI4Zjk4MGFhIiwic3RvcmFnZSI6InB1YmxpY19zdG9yZSJ9?signature=b4f295a92992569de94ae4176268ca4a850af7b8377f28e19d8ddb65e0e09cc2",
            "productDescription": "",
            "volume": "500ml"
        },
        "priceData": {
            "bestPrice": "3.60",
            "price": "3.60",
            "pricePerLitre": 7.2,
            "bestPricePerLitre": 7.2
        },
        "store": {
            "id": "5e7925bf04015f1a9e06373e",
            "name": "Woburn"
        }
    },
    {
        "productData": {
            "name": "Mother Kicked Apple 500ml",
            "productId": "mother-kicked-apple-500ml",
            "productShopPage": "https://woburn.store.supervalue.co.nz/lines/mother-kicked-apple-500ml",
            "productImageURL": "https://dtgxwmigmg3gc.cloudfront.net/imagery/assets/derivations/icon/512/512/true/eyJpZCI6IjNhZTlkYjkwYTM4MDFjMGEwYjUwYThhMDAwYjkyZjM0Iiwic3RvcmFnZSI6InB1YmxpY19zdG9yZSJ9?signature=c1a1db0a5d7b074c388cf08560fd44a4a2b6127821554198e54eeea8474325f6",
            "productDescription": "",
            "volume": "500ml"
        },
        "priceData": {
            "bestPrice": "3.20",
            "price": "3.20",
            "pricePerLitre": 6.4,
            "bestPricePerLitre": 6.4
        },
        "store": {
            "id": "5e7925bf04015f1a9e06373e",
            "name": "Woburn"
        }
    },
    {
        "productData": {
            "name": "Monster Energy Import 550ml",
            "productId": "monster-energy-import-550ml",
            "productShopPage": "https://woburn.store.supervalue.co.nz/lines/monster-energy-import-550ml",
            "productImageURL": "https://dtgxwmigmg3gc.cloudfront.net/imagery/assets/derivations/icon/512/512/true/eyJpZCI6IjA2NGMxOGY0ZGZmNTVlMTNmNzA4ZjMxMWMyNGZjZjAyIiwic3RvcmFnZSI6InB1YmxpY19zdG9yZSJ9?signature=0b55cb185296dc7565fe1f5b72fcfd3d848728a98d940d66324e3ac86e1d833a",
            "productDescription": "",
            "volume": "550ml"
        },
        "priceData": {
            "bestPrice": "3.80",
            "price": "3.80",
            "pricePerLitre": 6.909090909090908,
            "bestPricePerLitre": 6.909090909090908
        },
        "store": {
            "id": "5e7925bf04015f1a9e06373e",
            "name": "Woburn"
        }
    },
    {
        "productData": {
            "name": "Monster Energy Drink Ultra Paradise 500ml",
            "productId": "monster-energy-drink-ultra-paradise-500ml",
            "productShopPage": "https://woburn.store.supervalue.co.nz/lines/monster-energy-drink-ultra-paradise-500ml",
            "productImageURL": "https://dtgxwmigmg3gc.cloudfront.net/imagery/assets/derivations/icon/512/512/true/eyJpZCI6IjU3ZTFkM2FiYTM1NTE5MjBjNGY3YWQ1MDlmN2JiM2FiIiwic3RvcmFnZSI6InB1YmxpY19zdG9yZSJ9?signature=f112dbd2da966f41ee31deb58894dec2d4e327e223dcd676069650d679f43cb5",
            "productDescription": "",
            "volume": "500ml"
        },
        "priceData": {
            "bestPrice": "3.60",
            "price": "3.60",
            "pricePerLitre": 7.2,
            "bestPricePerLitre": 7.2
        },
        "store": {
            "id": "5e7925bf04015f1a9e06373e",
            "name": "Woburn"
        }
    },
    {
        "productData": {
            "name": "Monster Energy Ultra Zero 500ml Can 500ml",
            "productId": "monster-energy-ultra-zero-500ml",
            "productShopPage": "https://woburn.store.supervalue.co.nz/lines/monster-energy-ultra-zero-500ml",
            "productImageURL": "https://dtgxwmigmg3gc.cloudfront.net/imagery/assets/derivations/icon/512/512/true/eyJpZCI6IjE2ZDZhZmVkN2M0YjVjMzRmMjExNGJhNWQyMzhlOTQ4Iiwic3RvcmFnZSI6InB1YmxpY19zdG9yZSJ9?signature=10ef7ab522a8389710a24973bac3bd88af990f17b5da987fda62632f41e72ced",
            "productDescription": "",
            "volume": "500ml"
        },
        "priceData": {
            "bestPrice": "3.60",
            "price": "3.60",
            "pricePerLitre": 7.2,
            "bestPricePerLitre": 7.2
        },
        "store": {
            "id": "5e7925bf04015f1a9e06373e",
            "name": "Woburn"
        }
    },
    {
        "productData": {
            "name": "Monster Energy Green 500ml",
            "productId": "monster-energy-green-500ml",
            "productShopPage": "https://woburn.store.supervalue.co.nz/lines/monster-energy-green-500ml",
            "productImageURL": "https://dtgxwmigmg3gc.cloudfront.net/imagery/assets/derivations/icon/512/512/true/eyJpZCI6IjdlMWQ4YzE4OWEzYjkxOWExNTNiZDRmMGNhMjA0MGFjIiwic3RvcmFnZSI6InB1YmxpY19zdG9yZSJ9?signature=7d8e276d7131e46748c715b58473be8fec7d21f3d10abd6d108f8b0cb856d4a3",
            "productDescription": "",
            "volume": "500ml"
        },
        "priceData": {
            "bestPrice": "3.60",
            "price": "3.60",
            "pricePerLitre": 7.2,
            "bestPricePerLitre": 7.2
        },
        "store": {
            "id": "5e7925bf04015f1a9e06373e",
            "name": "Woburn"
        }
    },
    {
        "productData": {
            "name": "Monster Energy Drink Ultra Rosa 500ml",
            "productId": "monster-energy-drink-ultra-rosa-500ml",
            "productShopPage": "https://woburn.store.supervalue.co.nz/lines/monster-energy-drink-ultra-rosa-500ml",
            "productImageURL": "https://dtgxwmigmg3gc.cloudfront.net/imagery/assets/derivations/icon/512/512/true/eyJpZCI6IjBmZDhiOGI4MDk3NDYzMDI0ZGQ4OTdhYTk2ZmVmMmRiIiwic3RvcmFnZSI6InB1YmxpY19zdG9yZSJ9?signature=b524829083fd581b245f26f999cd130415f1b63b346277cf6a7a0faece216093",
            "productDescription": "",
            "volume": "500ml"
        },
        "priceData": {
            "bestPrice": "3.60",
            "price": "3.60",
            "pricePerLitre": 7.2,
            "bestPricePerLitre": 7.2
        },
        "store": {
            "id": "5e7925bf04015f1a9e06373e",
            "name": "Woburn"
        }
    },
    {
        "productData": {
            "name": "Mother Energy Drink Berry 500ml",
            "productId": "mother-energy-drink-berry-500ml",
            "productShopPage": "https://woburn.store.supervalue.co.nz/lines/mother-energy-drink-berry-500ml",
            "productImageURL": "https://dtgxwmigmg3gc.cloudfront.net/imagery/assets/derivations/icon/512/512/true/eyJpZCI6ImRhYTJlNjUzNzRjZjViNjI0ZDljNzUzNDA3YmE0ZDFkIiwic3RvcmFnZSI6InB1YmxpY19zdG9yZSJ9?signature=d9ffb465d71d599811c2ff7a788845bfe297eb3624ad7866a89cf0b3ece073f0",
            "productDescription": "",
            "volume": "500ml"
        },
        "priceData": {
            "bestPrice": "3.20",
            "price": "3.20",
            "pricePerLitre": 6.4,
            "bestPricePerLitre": 6.4
        },
        "store": {
            "id": "5e7925bf04015f1a9e06373e",
            "name": "Woburn"
        }
    },
    {
        "productData": {
            "name": "Mother Energy Drink Black 500ml",
            "productId": "mother-energy-drink-black-500ml",
            "productShopPage": "https://woburn.store.supervalue.co.nz/lines/mother-energy-drink-black-500ml",
            "productImageURL": "https://dtgxwmigmg3gc.cloudfront.net/imagery/assets/derivations/icon/512/512/true/eyJpZCI6ImYyMzA5MjhkYjg3ODFhYmYzZDU3ZjE1YjNmYzU2MWFjIiwic3RvcmFnZSI6InB1YmxpY19zdG9yZSJ9?signature=d3dbddb83d3d457075cd5d8936bef0c5b48fce4fa3fe725995d8b6d57219ceb5",
            "productDescription": "",
            "volume": "500ml"
        },
        "priceData": {
            "bestPrice": "3.20",
            "price": "3.20",
            "pricePerLitre": 6.4,
            "bestPricePerLitre": 6.4
        },
        "store": {
            "id": "5e7925bf04015f1a9e06373e",
            "name": "Woburn"
        }
    },
    {
        "productData": {
            "name": "Mother Energy Drink Cans 250ml 6 Pack",
            "productId": "mother-energy-drink-6x250ml-cans",
            "productShopPage": "https://woburn.store.supervalue.co.nz/lines/mother-energy-drink-6x250ml-cans",
            "productImageURL": "https://dtgxwmigmg3gc.cloudfront.net/imagery/assets/derivations/icon/512/512/true/eyJpZCI6IjEyOGFhMmU0Y2VkYTU4ZWFkZmVhOWUwZjdlNTZhOTA4Iiwic3RvcmFnZSI6InB1YmxpY19zdG9yZSJ9?signature=5db1908f64527cf28fa7bf3266a83ab854a07ca50453511f7d414d8e6d5c10fb",
            "productDescription": "",
            "volume": "250ml"
        },
        "priceData": {
            "bestPrice": "8.00",
            "price": "8.00",
            "pricePerLitre": 32.0,
            "bestPricePerLitre": 32.0
        },
        "store": {
            "id": "5e7925bf04015f1a9e06373e",
            "name": "Woburn"
        }
    },
    {
        "productData": {
            "name": "Mother Energy Drink Passion 500ml",
            "productId": "mother-energy-drink-passion-500ml",
            "productShopPage": "https://woburn.store.supervalue.co.nz/lines/mother-energy-drink-passion-500ml",
            "productImageURL": "https://dtgxwmigmg3gc.cloudfront.net/imagery/assets/derivations/icon/512/512/true/eyJpZCI6ImFkZDQ3ZmI4MGJjMmU2ZTgxNDcxNDRhYWFmOWZkYzViIiwic3RvcmFnZSI6InB1YmxpY19zdG9yZSJ9?signature=c8aea44ce6ff965b9e87fcb9f60849b0328e9b8983b9d5547e51c910f8f5368b",
            "productDescription": "",
            "volume": "500ml"
        },
        "priceData": {
            "bestPrice": "3.20",
            "price": "3.20",
            "pricePerLitre": 6.4,
            "bestPricePerLitre": 6.4
        },
        "store": {
            "id": "5e7925bf04015f1a9e06373e",
            "name": "Woburn"
        }
    },
    {
        "productData": {
            "name": "Mother Tropical Blast 500ml",
            "productId": "mother-tropical-blast-500ml",
            "productShopPage": "https://woburn.store.supervalue.co.nz/lines/mother-tropical-blast-500ml",
            "productImageURL": "https://dtgxwmigmg3gc.cloudfront.net/imagery/assets/derivations/icon/512/512/true/eyJpZCI6IjY2ODFiOTc3MTY1OWVlZGI0YWU0ZDEwNmRkMWI3MTFmIiwic3RvcmFnZSI6InB1YmxpY19zdG9yZSJ9?signature=d1b01bfff1b3992a83da4126d87194cc3819f2c04c19ef718954650d0bb059a1",
            "productDescription": "",
            "volume": "500ml"
        },
        "priceData": {
            "bestPrice": "3.20",
            "price": "3.20",
            "pricePerLitre": 6.4,
            "bestPricePerLitre": 6.4
        },
        "store": {
            "id": "5e7925bf04015f1a9e06373e",
            "name": "Woburn"
        }
    },
    {
        "productData": {
            "name": "Mother Epic Swell Energy Drink Twisted Apple 500ml",
            "productId": "mother-epic-swell-energy-drink-twisted-apple-500ml",
            "productShopPage": "https://woburn.store.supervalue.co.nz/lines/mother-epic-swell-energy-drink-twisted-apple-500ml",
            "productImageURL": "https://dtgxwmigmg3gc.cloudfront.net/imagery/assets/derivations/icon/512/512/true/eyJpZCI6IjE3NGY3OWU3NDkwYTQ5MGE4NGFkNjYzZjVlODdjNzlmIiwic3RvcmFnZSI6InB1YmxpY19zdG9yZSJ9?signature=8b8c94eb83ff8e282e2c9309d499d02862cc0d052bea74cb186828b6e121cc4e",
            "productDescription": "",
            "volume": "500ml"
        },
        "priceData": {
            "bestPrice": "3.20",
            "price": "3.20",
            "pricePerLitre": 6.4,
            "bestPricePerLitre": 6.4
        },
        "store": {
            "id": "5e7925bf04015f1a9e06373e",
            "name": "Woburn"
        }
    },
    {
        "productData": {
            "name": "Monster Energy Juice Mango Loco 500ml",
            "productId": "monster-energy-juice-mango-loco-500ml-can",
            "productShopPage": "https://woburn.store.supervalue.co.nz/lines/monster-energy-juice-mango-loco-500ml-can",
            "productImageURL": "https://dtgxwmigmg3gc.cloudfront.net/imagery/assets/derivations/icon/512/512/true/eyJpZCI6ImFiNTMzOTMyOWEwYWQ0NzdjMjJjNjlkMzQxZTNhOGQxIiwic3RvcmFnZSI6InB1YmxpY19zdG9yZSJ9?signature=68e99f74abe4c896ded0dd7313a3b51988c1e1a783fd4322eb0d59affb53ec54",
            "productDescription": "",
            "volume": "500ml"
        },
        "priceData": {
            "bestPrice": "3.60",
            "price": "3.60",
            "pricePerLitre": 7.2,
            "bestPricePerLitre": 7.2
        },
        "store": {
            "id": "5e7925bf04015f1a9e06373e",
            "name": "Woburn"
        }
    },
    {
        "productData": {
            "name": "V Energy Drink Guarana 500ml",
            "productId": "v-energy-drink-guarana-500ml",
            "productShopPage": "https://woburn.store.supervalue.co.nz/lines/v-energy-drink-guarana-500ml",
            "productImageURL": "https://dtgxwmigmg3gc.cloudfront.net/imagery/assets/derivations/icon/512/512/true/eyJpZCI6IjgzZDAxMjhiMzg4NmEwZmE4YTE2ZjY2NWIzNmM2NzI2Iiwic3RvcmFnZSI6InB1YmxpY19zdG9yZSJ9?signature=f55ecc561066291a4e74a967db35ea2355f881bd1708bf400fd790032384ae4f",
            "productDescription": "",
            "volume": "500ml"
        },
        "priceData": {
            "bestPrice": "2.70",
            "price": "2.70",
            "pricePerLitre": 5.4,
            "bestPricePerLitre": 5.4
        },
        "store": {
            "id": "5e7925bf04015f1a9e06373e",
            "name": "Woburn"
        }
    },
    {
        "productData": {
            "name": "V Energy Drink Sugarfree 500ml",
            "productId": "v-energy-drink-sugarfree-500ml",
            "productShopPage": "https://woburn.store.supervalue.co.nz/lines/v-energy-drink-sugarfree-500ml",
            "productImageURL": "https://dtgxwmigmg3gc.cloudfront.net/imagery/assets/derivations/icon/512/512/true/eyJpZCI6ImVkZTAxNTNmMDI1NmU1NDZjNWQ5MTc3MjE3ZTQ3YTQ0Iiwic3RvcmFnZSI6InB1YmxpY19zdG9yZSJ9?signature=abcf72d9faa9ee3044eaa3b7ee0bf9b4fd8f582379018d8727f2234b7d3f3c85",
            "productDescription": "",
            "volume": "500ml"
        },
        "priceData": {
            "bestPrice": "2.80",
            "price": "2.80",
            "pricePerLitre": 5.6,
            "bestPricePerLitre": 5.6
        },
        "store": {
            "id": "5e7925bf04015f1a9e06373e",
            "name": "Woburn"
        }
    },
    {
        "productData": {
            "name": "V Energy Drink Sugar Free Guarana 250ml",
            "productId": "v-energy-drink-sugar-free-guarana-250ml",
            "productShopPage": "https://woburn.store.supervalue.co.nz/lines/v-energy-drink-sugar-free-guarana-250ml",
            "productImageURL": "https://dtgxwmigmg3gc.cloudfront.net/imagery/assets/derivations/icon/512/512/true/eyJpZCI6ImZiNzM1NmU4NTMyZDllODlkZTljZmNlOGY2MzQ5NGQwIiwic3RvcmFnZSI6InB1YmxpY19zdG9yZSJ9?signature=72b0ce0a48ca796717c115fe5e8b4564501470f63bf80ae865d26e9d131a2b8c",
            "productDescription": "",
            "volume": "250ml"
        },
        "priceData": {
            "bestPrice": "2.40",
            "price": "2.40",
            "pricePerLitre": 9.6,
            "bestPricePerLitre": 9.6
        },
        "store": {
            "id": "5e7925bf04015f1a9e06373e",
            "name": "Woburn"
        }
    },
    {
        "productData": {
            "name": "V Energy Drink Blue Guarana Spritzed 350ml",
            "productId": "v-blue-energy-drink-blue-guarana-spritzed-350ml",
            "productShopPage": "https://woburn.store.supervalue.co.nz/lines/v-blue-energy-drink-blue-guarana-spritzed-350ml",
            "productImageURL": "https://dtgxwmigmg3gc.cloudfront.net/imagery/assets/derivations/icon/512/512/true/eyJpZCI6ImY2OTRlZGI4NjdlNWMzZDM5NzgzMDQ0ODFkMzUxZGZiIiwic3RvcmFnZSI6InB1YmxpY19zdG9yZSJ9?signature=591b3079cb9c2407a29b3bc348eaf42dc1d34daba5c9d7aba65be654725b6719",
            "productDescription": "",
            "volume": "350ml"
        },
        "priceData": {
            "bestPrice": "4.00",
            "price": "4.00",
            "pricePerLitre": 11.428571428571429,
            "bestPricePerLitre": 11.428571428571429
        },
        "store": {
            "id": "5e7925bf04015f1a9e06373e",
            "name": "Woburn"
        }
    },
    {
        "productData": {
            "name": "V Energy Drink Green Guarana 350ml",
            "productId": "v-energy-drink-green-guarana-350ml",
            "productShopPage": "https://woburn.store.supervalue.co.nz/lines/v-energy-drink-green-guarana-350ml",
            "productImageURL": "https://dtgxwmigmg3gc.cloudfront.net/imagery/assets/derivations/icon/512/512/true/eyJpZCI6IjRiNjY4ZjYxOTQ2ODYyN2MzM2NiZWMyNGUyNmIyODk4Iiwic3RvcmFnZSI6InB1YmxpY19zdG9yZSJ9?signature=4cded9cb42349eef45a593461f311b1bb7fa881295733879671ad9fe9887d30c",
            "productDescription": "",
            "volume": "350ml"
        },
        "priceData": {
            "bestPrice": "4.00",
            "price": "4.00",
            "pricePerLitre": 11.428571428571429,
            "bestPricePerLitre": 11.428571428571429
        },
        "store": {
            "id": "5e7925bf04015f1a9e06373e",
            "name": "Woburn"
        }
    },
    {
        "productData": {
            "name": "V Energy Drink Guarana Can 250ml",
            "productId": "v-energy-drink-guarana-can-250ml",
            "productShopPage": "https://woburn.store.supervalue.co.nz/lines/v-energy-drink-guarana-can-250ml",
            "productImageURL": "https://dtgxwmigmg3gc.cloudfront.net/imagery/assets/derivations/icon/512/512/true/eyJpZCI6Ijc3Nzk1NjE2ZDhhNmFiMThhYzEzODYzOTg2ZmNkNzgwIiwic3RvcmFnZSI6InB1YmxpY19zdG9yZSJ9?signature=f5de1854d43e19cc62bff86893d4a55615cd916f8425a4dccd170b52eba81255",
            "productDescription": "",
            "volume": "250ml"
        },
        "priceData": {
            "bestPrice": "2.40",
            "price": "2.40",
            "pricePerLitre": 9.6,
            "bestPricePerLitre": 9.6
        },
        "store": {
            "id": "5e7925bf04015f1a9e06373e",
            "name": "Woburn"
        }
    },
    {
        "productData": {
            "name": "V Energy Drink Guarana Can 500ml",
            "productId": "v-energy-drink-guarana-can-500ml",
            "productShopPage": "https://woburn.store.supervalue.co.nz/lines/v-energy-drink-guarana-can-500ml",
            "productImageURL": "https://dtgxwmigmg3gc.cloudfront.net/imagery/assets/derivations/icon/512/512/true/eyJpZCI6ImI0NjgzNGZjNDRkMjU0MjgzYzJjZGNhMzA2NWIxYjA5Iiwic3RvcmFnZSI6InB1YmxpY19zdG9yZSJ9?signature=265e8273409849423466e7623cbbdf8352940707b8830803eec391e8f32c9c5f",
            "productDescription": "",
            "volume": "500ml"
        },
        "priceData": {
            "bestPrice": "4.00",
            "price": "4.00",
            "pricePerLitre": 8.0,
            "bestPricePerLitre": 8.0
        },
        "store": {
            "id": "5e7925bf04015f1a9e06373e",
            "name": "Woburn"
        }
    },
    {
        "productData": {
            "name": "V Energy Drink Sugar Free Guarana 500ml",
            "productId": "v-energy-drink-sugar-free-guarana-500ml",
            "productShopPage": "https://woburn.store.supervalue.co.nz/lines/v-energy-drink-sugar-free-guarana-500ml",
            "productImageURL": "https://dtgxwmigmg3gc.cloudfront.net/imagery/assets/derivations/icon/512/512/true/eyJpZCI6Ijg4MGExMDYxOTY4NTJiYzM1ZTExMmU2MGE2OWYxNDE3Iiwic3RvcmFnZSI6InB1YmxpY19zdG9yZSJ9?signature=b0536d25b9da8158705e24c88e21fabbf85c1dabc19f18108c386e956ffd7045",
            "productDescription": "",
            "volume": "500ml"
        },
        "priceData": {
            "bestPrice": "4.00",
            "price": "4.00",
            "pricePerLitre": 8.0,
            "bestPricePerLitre": 8.0
        },
        "store": {
            "id": "5e7925bf04015f1a9e06373e",
            "name": "Woburn"
        }
    },
    {
        "productData": {
            "name": "V Blue Energy Drink Bottle 500ml",
            "productId": "v-blue-energy-drink-bottle-500ml",
            "productShopPage": "https://woburn.store.supervalue.co.nz/lines/v-blue-energy-drink-bottle-500ml",
            "productImageURL": "https://dtgxwmigmg3gc.cloudfront.net/imagery/assets/derivations/icon/512/512/true/eyJpZCI6IjgyYWYxYWY4MGI4MzUxODhiYmVhZGVhM2U2NzY0MzI5Iiwic3RvcmFnZSI6InB1YmxpY19zdG9yZSJ9?signature=7e70fc576864a528a1431734d680cbf177a11b419a692dbfd34800c31b8944ec",
            "productDescription": "",
            "volume": "500ml"
        },
        "priceData": {
            "bestPrice": "2.80",
            "price": "2.80",
            "pricePerLitre": 5.6,
            "bestPricePerLitre": 5.6
        },
        "store": {
            "id": "5e7925bf04015f1a9e06373e",
            "name": "Woburn"
        }
    },
    {
        "productData": {
            "name": "V Blue Sugarfree Energy Drink 500ml",
            "productId": "v-blue-sugarfree-energy-drink-500ml",
            "productShopPage": "https://woburn.store.supervalue.co.nz/lines/v-blue-sugarfree-energy-drink-500ml",
            "productImageURL": "https://dtgxwmigmg3gc.cloudfront.net/imagery/assets/derivations/icon/512/512/true/eyJpZCI6ImVmYjQyOWRmM2JjZjc3NTY1ZDIwMTEyNTY0MDdmZjA1Iiwic3RvcmFnZSI6InB1YmxpY19zdG9yZSJ9?signature=2911d59474d8305039a3be3bef0f887c38d9ab84596314b13cc4b150101175ab",
            "productDescription": "",
            "volume": "500ml"
        },
        "priceData": {
            "bestPrice": "4.00",
            "price": "4.00",
            "pricePerLitre": 8.0,
            "bestPricePerLitre": 8.0
        },
        "store": {
            "id": "5e7925bf04015f1a9e06373e",
            "name": "Woburn"
        }
    },
    {
        "productData": {
            "name": "V Blue Energy Drink Blue Guarana Can 250ml",
            "productId": "v-blue-energy-drink-blue-guarana-can-250ml",
            "productShopPage": "https://woburn.store.supervalue.co.nz/lines/v-blue-energy-drink-blue-guarana-can-250ml",
            "productImageURL": "https://dtgxwmigmg3gc.cloudfront.net/imagery/assets/derivations/icon/512/512/true/eyJpZCI6IjBmZjQwNDEyZWQ2ZDk4YTg3YWQ2ZDUyMWZlNjM1YzJkIiwic3RvcmFnZSI6InB1YmxpY19zdG9yZSJ9?signature=8f745abe5614ec47b3d7a07f1a34ba529184a87b2a696211ba5a0f9f29c86bf0",
            "productDescription": "",
            "volume": "250ml"
        },
        "priceData": {
            "bestPrice": "2.40",
            "price": "2.40",
            "pricePerLitre": 9.6,
            "bestPricePerLitre": 9.6
        },
        "store": {
            "id": "5e7925bf04015f1a9e06373e",
            "name": "Woburn"
        }
    },
    {
        "productData": {
            "name": "Monster Super Fuel Zero Sugar 550ml",
            "productId": "monster-super-fuel-zero-sugar-550ml",
            "productShopPage": "https://woburn.store.supervalue.co.nz/lines/monster-super-fuel-zero-sugar-550ml",
            "productImageURL": "https://dtgxwmigmg3gc.cloudfront.net/imagery/assets/derivations/icon/512/512/true/eyJpZCI6IjY3MjMyNWYxY2I3ZmU0ZTA1MThmNDhjNDhlODM4MDY1Iiwic3RvcmFnZSI6InB1YmxpY19zdG9yZSJ9?signature=b7227b86ec894bac082ac13fc5cca73f6b02d9cd28e8faf04f161ef8a679b36b",
            "productDescription": "",
            "volume": "550ml"
        },
        "priceData": {
            "bestPrice": "4.49",
            "price": "4.49",
            "pricePerLitre": 8.163636363636364,
            "bestPricePerLitre": 8.163636363636364
        },
        "store": {
            "id": "5e7925bf04015f1a9e06373e",
            "name": "Woburn"
        }
    },
    {
        "productData": {
            "name": "Monster Energy Pipeline Punch 500ml",
            "productId": "monster-energy-pipeline-punch-500ml",
            "productShopPage": "https://woburn.store.supervalue.co.nz/lines/monster-energy-pipeline-punch-500ml",
            "productImageURL": "https://dtgxwmigmg3gc.cloudfront.net/imagery/assets/derivations/icon/512/512/true/eyJpZCI6IjBhODJhZGNkMWY5YThiMWQ5ZjY0YjRjNGE0YWQwMzMxIiwic3RvcmFnZSI6InB1YmxpY19zdG9yZSJ9?signature=7a4880545cb059c8f06a41c671fb0785b7cddf3903741ed2f081d6bcf2e5189f",
            "productDescription": "",
            "volume": "500ml"
        },
        "priceData": {
            "bestPrice": "3.60",
            "price": "3.60",
            "pricePerLitre": 7.2,
            "bestPricePerLitre": 7.2
        },
        "store": {
            "id": "5e7925bf04015f1a9e06373e",
            "name": "Woburn"
        }
    },
    {
        "productData": {
            "name": "Live Plus Energy Drink Citrus Flavour 500ml",
            "productId": "live-plus-persist-500ml",
            "productShopPage": "https://woburn.store.supervalue.co.nz/lines/live-plus-persist-500ml",
            "productImageURL": "https://dtgxwmigmg3gc.cloudfront.net/imagery/assets/derivations/icon/512/512/true/eyJpZCI6IjFlNWQ5YzI4OWM1N2UzNmYzZmI2NThlMDQzZTI3ZjE4Iiwic3RvcmFnZSI6InB1YmxpY19zdG9yZSJ9?signature=756b17fefe47174b90e7dbec8cd09db27f9f59f4994bc750b71256ae93ba9fa8",
            "productDescription": "",
            "volume": "500ml"
        },
        "priceData": {
            "bestPrice": "3.20",
            "price": "3.20",
            "pricePerLitre": 6.4,
            "bestPricePerLitre": 6.4
        },
        "store": {
            "id": "5e7925bf04015f1a9e06373e",
            "name": "Woburn"
        }
    },
    {
        "productData": {
            "name": "Rockstar Punched Energy Guava 500ml",
            "productId": "rockstar-punched-energy-guava-500ml",
            "productShopPage": "https://woburn.store.supervalue.co.nz/lines/rockstar-punched-energy-guava-500ml",
            "productImageURL": "https://dtgxwmigmg3gc.cloudfront.net/imagery/assets/derivations/icon/512/512/true/eyJpZCI6ImEzMDQwMDA1ZTlmNTRmNTczMTYzMDE1Yjk2NTFmZDIxIiwic3RvcmFnZSI6InB1YmxpY19zdG9yZSJ9?signature=bfb6b62e0f648da1212eb37234f40b47cf3251c956e2d837473e2acee3a5a4ef",
            "productDescription": "",
            "volume": "500ml"
        },
        "priceData": {
            "bestPrice": "2.20",
            "price": "2.20",
            "pricePerLitre": 4.4,
            "bestPricePerLitre": 4.4
        },
        "store": {
            "id": "5e7925bf04015f1a9e06373e",
            "name": "Woburn"
        }
    },
    {
        "productData": {
            "name": "Musashi Energy Drink Blue Raspberry 500ml",
            "productId": "musashi-energy-drink-blue-raspberry-500ml",
            "productShopPage": "https://woburn.store.supervalue.co.nz/lines/musashi-energy-drink-blue-raspberry-500ml",
            "productImageURL": "https://dtgxwmigmg3gc.cloudfront.net/imagery/assets/derivations/icon/512/512/true/eyJpZCI6IjE5MzNlYTI1Mjk2MTRjZTgwNmE0YThiZTU2NmRhMGI1Iiwic3RvcmFnZSI6InB1YmxpY19zdG9yZSJ9?signature=6f2e80fb21b91bb7d7f6ae2f6d711d7b645a3490600386d066f024d673ee01e2",
            "productDescription": "",
            "volume": "500ml"
        },
        "priceData": {
            "bestPrice": "3.50",
            "price": "3.50",
            "pricePerLitre": 7.0,
            "bestPricePerLitre": 7.0
        },
        "store": {
            "id": "5e7925bf04015f1a9e06373e",
            "name": "Woburn"
        }
    },
    {
        "productData": {
            "name": "Musashi Energy Drink Fruit Crush 500ml",
            "productId": "musashi-energy-drink-fruit-crush-500ml",
            "productShopPage": "https://woburn.store.supervalue.co.nz/lines/musashi-energy-drink-fruit-crush-500ml",
            "productImageURL": "https://dtgxwmigmg3gc.cloudfront.net/imagery/assets/derivations/icon/512/512/true/eyJpZCI6IjExMTJjZTJlMjEyYjI4NTgwZjE0ZGZlYjE5MTgzNTQ5Iiwic3RvcmFnZSI6InB1YmxpY19zdG9yZSJ9?signature=249030276f0de6f4760c079da56b20c58d0b82a78f36efe8fd80f2bbe4aed7d4",
            "productDescription": "",
            "volume": "500ml"
        },
        "priceData": {
            "bestPrice": "3.50",
            "price": "3.50",
            "pricePerLitre": 7.0,
            "bestPricePerLitre": 7.0
        },
        "store": {
            "id": "5e7925bf04015f1a9e06373e",
            "name": "Woburn"
        }
    },
    {
        "productData": {
            "name": "Musashi Energy Drink Purple Grape 500ml",
            "productId": "musashi-energy-drink-purple-grape-500ml",
            "productShopPage": "https://woburn.store.supervalue.co.nz/lines/musashi-energy-drink-purple-grape-500ml",
            "productImageURL": "https://dtgxwmigmg3gc.cloudfront.net/imagery/assets/derivations/icon/512/512/true/eyJpZCI6IjkxZGM0ODYyYmZhNGViMTkwM2U4MTYzM2FiMDYzMDdlIiwic3RvcmFnZSI6InB1YmxpY19zdG9yZSJ9?signature=d6ff84062f4b227aaf76b6e0be9ec9742734bc67867684146ce6624e4bcef6bd",
            "productDescription": "",
            "volume": "500ml"
        },
        "priceData": {
            "bestPrice": "3.50",
            "price": "3.50",
            "pricePerLitre": 7.0,
            "bestPricePerLitre": 7.0
        },
        "store": {
            "id": "5e7925bf04015f1a9e06373e",
            "name": "Woburn"
        }
    },
    {
        "productData": {
            "name": "Monster Energy Drink Ultra Gold 500ml",
            "productId": "monster-energy-drink-ultra-gold-500ml",
            "productShopPage": "https://fendalton.store.supervalue.co.nz/lines/monster-energy-drink-ultra-gold-500ml",
            "productImageURL": "https://dtgxwmigmg3gc.cloudfront.net/imagery/assets/derivations/icon/512/512/true/eyJpZCI6ImM3MmEwNWIyMjE0YTAzMjcyNzFhYjMyZTI4Zjk4MGFhIiwic3RvcmFnZSI6InB1YmxpY19zdG9yZSJ9?signature=b4f295a92992569de94ae4176268ca4a850af7b8377f28e19d8ddb65e0e09cc2",
            "productDescription": "",
            "volume": "500ml"
        },
        "priceData": {
            "bestPrice": "3.60",
            "price": "3.60",
            "pricePerLitre": 7.2,
            "bestPricePerLitre": 7.2
        },
        "store": {
            "id": "5e75a87c6d8e6910a9000dd6",
            "name": "Fendalton"
        }
    },
    {
        "productData": {
            "name": "Mother Kicked Apple 500ml",
            "productId": "mother-kicked-apple-500ml",
            "productShopPage": "https://fendalton.store.supervalue.co.nz/lines/mother-kicked-apple-500ml",
            "productImageURL": "https://dtgxwmigmg3gc.cloudfront.net/imagery/assets/derivations/icon/512/512/true/eyJpZCI6IjNhZTlkYjkwYTM4MDFjMGEwYjUwYThhMDAwYjkyZjM0Iiwic3RvcmFnZSI6InB1YmxpY19zdG9yZSJ9?signature=c1a1db0a5d7b074c388cf08560fd44a4a2b6127821554198e54eeea8474325f6",
            "productDescription": "",
            "volume": "500ml"
        },
        "priceData": {
            "bestPrice": "3.20",
            "price": "3.20",
            "pricePerLitre": 6.4,
            "bestPricePerLitre": 6.4
        },
        "store": {
            "id": "5e75a87c6d8e6910a9000dd6",
            "name": "Fendalton"
        }
    },
    {
        "productData": {
            "name": "Monster Energy Ultra Zero 500ml Can 500ml",
            "productId": "monster-energy-ultra-zero-500ml",
            "productShopPage": "https://fendalton.store.supervalue.co.nz/lines/monster-energy-ultra-zero-500ml",
            "productImageURL": "https://dtgxwmigmg3gc.cloudfront.net/imagery/assets/derivations/icon/512/512/true/eyJpZCI6IjE2ZDZhZmVkN2M0YjVjMzRmMjExNGJhNWQyMzhlOTQ4Iiwic3RvcmFnZSI6InB1YmxpY19zdG9yZSJ9?signature=10ef7ab522a8389710a24973bac3bd88af990f17b5da987fda62632f41e72ced",
            "productDescription": "",
            "volume": "500ml"
        },
        "priceData": {
            "bestPrice": "3.60",
            "price": "3.60",
            "pricePerLitre": 7.2,
            "bestPricePerLitre": 7.2
        },
        "store": {
            "id": "5e75a87c6d8e6910a9000dd6",
            "name": "Fendalton"
        }
    },
    {
        "productData": {
            "name": "Monster Energy Green 500ml",
            "productId": "monster-energy-green-500ml",
            "productShopPage": "https://fendalton.store.supervalue.co.nz/lines/monster-energy-green-500ml",
            "productImageURL": "https://dtgxwmigmg3gc.cloudfront.net/imagery/assets/derivations/icon/512/512/true/eyJpZCI6IjdlMWQ4YzE4OWEzYjkxOWExNTNiZDRmMGNhMjA0MGFjIiwic3RvcmFnZSI6InB1YmxpY19zdG9yZSJ9?signature=7d8e276d7131e46748c715b58473be8fec7d21f3d10abd6d108f8b0cb856d4a3",
            "productDescription": "",
            "volume": "500ml"
        },
        "priceData": {
            "bestPrice": "3.60",
            "price": "3.60",
            "pricePerLitre": 7.2,
            "bestPricePerLitre": 7.2
        },
        "store": {
            "id": "5e75a87c6d8e6910a9000dd6",
            "name": "Fendalton"
        }
    },
    {
        "productData": {
            "name": "Monster Energy Drink Ultra Rosa 500ml",
            "productId": "monster-energy-drink-ultra-rosa-500ml",
            "productShopPage": "https://fendalton.store.supervalue.co.nz/lines/monster-energy-drink-ultra-rosa-500ml",
            "productImageURL": "https://dtgxwmigmg3gc.cloudfront.net/imagery/assets/derivations/icon/512/512/true/eyJpZCI6IjBmZDhiOGI4MDk3NDYzMDI0ZGQ4OTdhYTk2ZmVmMmRiIiwic3RvcmFnZSI6InB1YmxpY19zdG9yZSJ9?signature=b524829083fd581b245f26f999cd130415f1b63b346277cf6a7a0faece216093",
            "productDescription": "",
            "volume": "500ml"
        },
        "priceData": {
            "bestPrice": "3.60",
            "price": "3.60",
            "pricePerLitre": 7.2,
            "bestPricePerLitre": 7.2
        },
        "store": {
            "id": "5e75a87c6d8e6910a9000dd6",
            "name": "Fendalton"
        }
    },
    {
        "productData": {
            "name": "Mother Energy Drink Black 500ml",
            "productId": "mother-energy-drink-black-500ml",
            "productShopPage": "https://fendalton.store.supervalue.co.nz/lines/mother-energy-drink-black-500ml",
            "productImageURL": "https://dtgxwmigmg3gc.cloudfront.net/imagery/assets/derivations/icon/512/512/true/eyJpZCI6ImYyMzA5MjhkYjg3ODFhYmYzZDU3ZjE1YjNmYzU2MWFjIiwic3RvcmFnZSI6InB1YmxpY19zdG9yZSJ9?signature=d3dbddb83d3d457075cd5d8936bef0c5b48fce4fa3fe725995d8b6d57219ceb5",
            "productDescription": "",
            "volume": "500ml"
        },
        "priceData": {
            "bestPrice": "3.20",
            "price": "3.20",
            "pricePerLitre": 6.4,
            "bestPricePerLitre": 6.4
        },
        "store": {
            "id": "5e75a87c6d8e6910a9000dd6",
            "name": "Fendalton"
        }
    },
    {
        "productData": {
            "name": "Mother Tropical Blast 500ml",
            "productId": "mother-tropical-blast-500ml",
            "productShopPage": "https://fendalton.store.supervalue.co.nz/lines/mother-tropical-blast-500ml",
            "productImageURL": "https://dtgxwmigmg3gc.cloudfront.net/imagery/assets/derivations/icon/512/512/true/eyJpZCI6IjY2ODFiOTc3MTY1OWVlZGI0YWU0ZDEwNmRkMWI3MTFmIiwic3RvcmFnZSI6InB1YmxpY19zdG9yZSJ9?signature=d1b01bfff1b3992a83da4126d87194cc3819f2c04c19ef718954650d0bb059a1",
            "productDescription": "",
            "volume": "500ml"
        },
        "priceData": {
            "bestPrice": "3.20",
            "price": "3.20",
            "pricePerLitre": 6.4,
            "bestPricePerLitre": 6.4
        },
        "store": {
            "id": "5e75a87c6d8e6910a9000dd6",
            "name": "Fendalton"
        }
    },
    {
        "productData": {
            "name": "Mother Epic Swell Energy Drink Twisted Apple 500ml",
            "productId": "mother-epic-swell-energy-drink-twisted-apple-500ml",
            "productShopPage": "https://fendalton.store.supervalue.co.nz/lines/mother-epic-swell-energy-drink-twisted-apple-500ml",
            "productImageURL": "https://dtgxwmigmg3gc.cloudfront.net/imagery/assets/derivations/icon/512/512/true/eyJpZCI6IjE3NGY3OWU3NDkwYTQ5MGE4NGFkNjYzZjVlODdjNzlmIiwic3RvcmFnZSI6InB1YmxpY19zdG9yZSJ9?signature=8b8c94eb83ff8e282e2c9309d499d02862cc0d052bea74cb186828b6e121cc4e",
            "productDescription": "",
            "volume": "500ml"
        },
        "priceData": {
            "bestPrice": "3.20",
            "price": "3.20",
            "pricePerLitre": 6.4,
            "bestPricePerLitre": 6.4
        },
        "store": {
            "id": "5e75a87c6d8e6910a9000dd6",
            "name": "Fendalton"
        }
    },
    {
        "productData": {
            "name": "Monster Energy Juice Mango Loco 500ml",
            "productId": "monster-energy-juice-mango-loco-500ml-can",
            "productShopPage": "https://fendalton.store.supervalue.co.nz/lines/monster-energy-juice-mango-loco-500ml-can",
            "productImageURL": "https://dtgxwmigmg3gc.cloudfront.net/imagery/assets/derivations/icon/512/512/true/eyJpZCI6ImFiNTMzOTMyOWEwYWQ0NzdjMjJjNjlkMzQxZTNhOGQxIiwic3RvcmFnZSI6InB1YmxpY19zdG9yZSJ9?signature=68e99f74abe4c896ded0dd7313a3b51988c1e1a783fd4322eb0d59affb53ec54",
            "productDescription": "",
            "volume": "500ml"
        },
        "priceData": {
            "bestPrice": "3.60",
            "price": "3.60",
            "pricePerLitre": 7.2,
            "bestPricePerLitre": 7.2
        },
        "store": {
            "id": "5e75a87c6d8e6910a9000dd6",
            "name": "Fendalton"
        }
    },
    {
        "productData": {
            "name": "V Energy Drink Sugar Free Guarana 250ml",
            "productId": "v-energy-drink-sugar-free-guarana-250ml",
            "productShopPage": "https://fendalton.store.supervalue.co.nz/lines/v-energy-drink-sugar-free-guarana-250ml",
            "productImageURL": "https://dtgxwmigmg3gc.cloudfront.net/imagery/assets/derivations/icon/512/512/true/eyJpZCI6ImZiNzM1NmU4NTMyZDllODlkZTljZmNlOGY2MzQ5NGQwIiwic3RvcmFnZSI6InB1YmxpY19zdG9yZSJ9?signature=72b0ce0a48ca796717c115fe5e8b4564501470f63bf80ae865d26e9d131a2b8c",
            "productDescription": "",
            "volume": "250ml"
        },
        "priceData": {
            "bestPrice": "2.40",
            "price": "2.40",
            "pricePerLitre": 9.6,
            "bestPricePerLitre": 9.6
        },
        "store": {
            "id": "5e75a87c6d8e6910a9000dd6",
            "name": "Fendalton"
        }
    },
    {
        "productData": {
            "name": "V Energy Drink Blue Guarana Spritzed 350ml",
            "productId": "v-blue-energy-drink-blue-guarana-spritzed-350ml",
            "productShopPage": "https://fendalton.store.supervalue.co.nz/lines/v-blue-energy-drink-blue-guarana-spritzed-350ml",
            "productImageURL": "https://dtgxwmigmg3gc.cloudfront.net/imagery/assets/derivations/icon/512/512/true/eyJpZCI6ImY2OTRlZGI4NjdlNWMzZDM5NzgzMDQ0ODFkMzUxZGZiIiwic3RvcmFnZSI6InB1YmxpY19zdG9yZSJ9?signature=591b3079cb9c2407a29b3bc348eaf42dc1d34daba5c9d7aba65be654725b6719",
            "productDescription": "",
            "volume": "350ml"
        },
        "priceData": {
            "bestPrice": "4.00",
            "price": "4.00",
            "pricePerLitre": 11.428571428571429,
            "bestPricePerLitre": 11.428571428571429
        },
        "store": {
            "id": "5e75a87c6d8e6910a9000dd6",
            "name": "Fendalton"
        }
    },
    {
        "productData": {
            "name": "V Energy Drink Green Guarana 350ml",
            "productId": "v-energy-drink-green-guarana-350ml",
            "productShopPage": "https://fendalton.store.supervalue.co.nz/lines/v-energy-drink-green-guarana-350ml",
            "productImageURL": "https://dtgxwmigmg3gc.cloudfront.net/imagery/assets/derivations/icon/512/512/true/eyJpZCI6IjRiNjY4ZjYxOTQ2ODYyN2MzM2NiZWMyNGUyNmIyODk4Iiwic3RvcmFnZSI6InB1YmxpY19zdG9yZSJ9?signature=4cded9cb42349eef45a593461f311b1bb7fa881295733879671ad9fe9887d30c",
            "productDescription": "",
            "volume": "350ml"
        },
        "priceData": {
            "bestPrice": "4.00",
            "price": "4.00",
            "pricePerLitre": 11.428571428571429,
            "bestPricePerLitre": 11.428571428571429
        },
        "store": {
            "id": "5e75a87c6d8e6910a9000dd6",
            "name": "Fendalton"
        }
    },
    {
        "productData": {
            "name": "V Energy Drink Guarana Can 250ml",
            "productId": "v-energy-drink-guarana-can-250ml",
            "productShopPage": "https://fendalton.store.supervalue.co.nz/lines/v-energy-drink-guarana-can-250ml",
            "productImageURL": "https://dtgxwmigmg3gc.cloudfront.net/imagery/assets/derivations/icon/512/512/true/eyJpZCI6Ijc3Nzk1NjE2ZDhhNmFiMThhYzEzODYzOTg2ZmNkNzgwIiwic3RvcmFnZSI6InB1YmxpY19zdG9yZSJ9?signature=f5de1854d43e19cc62bff86893d4a55615cd916f8425a4dccd170b52eba81255",
            "productDescription": "",
            "volume": "250ml"
        },
        "priceData": {
            "bestPrice": "2.40",
            "price": "2.40",
            "pricePerLitre": 9.6,
            "bestPricePerLitre": 9.6
        },
        "store": {
            "id": "5e75a87c6d8e6910a9000dd6",
            "name": "Fendalton"
        }
    },
    {
        "productData": {
            "name": "V Energy Drink Guarana Can 500ml",
            "productId": "v-energy-drink-guarana-can-500ml",
            "productShopPage": "https://fendalton.store.supervalue.co.nz/lines/v-energy-drink-guarana-can-500ml",
            "productImageURL": "https://dtgxwmigmg3gc.cloudfront.net/imagery/assets/derivations/icon/512/512/true/eyJpZCI6ImI0NjgzNGZjNDRkMjU0MjgzYzJjZGNhMzA2NWIxYjA5Iiwic3RvcmFnZSI6InB1YmxpY19zdG9yZSJ9?signature=265e8273409849423466e7623cbbdf8352940707b8830803eec391e8f32c9c5f",
            "productDescription": "",
            "volume": "500ml"
        },
        "priceData": {
            "bestPrice": "4.00",
            "price": "4.00",
            "pricePerLitre": 8.0,
            "bestPricePerLitre": 8.0
        },
        "store": {
            "id": "5e75a87c6d8e6910a9000dd6",
            "name": "Fendalton"
        }
    },
    {
        "productData": {
            "name": "V Energy Drink Sugar Free Guarana 500ml",
            "productId": "v-energy-drink-sugar-free-guarana-500ml",
            "productShopPage": "https://fendalton.store.supervalue.co.nz/lines/v-energy-drink-sugar-free-guarana-500ml",
            "productImageURL": "https://dtgxwmigmg3gc.cloudfront.net/imagery/assets/derivations/icon/512/512/true/eyJpZCI6Ijg4MGExMDYxOTY4NTJiYzM1ZTExMmU2MGE2OWYxNDE3Iiwic3RvcmFnZSI6InB1YmxpY19zdG9yZSJ9?signature=b0536d25b9da8158705e24c88e21fabbf85c1dabc19f18108c386e956ffd7045",
            "productDescription": "",
            "volume": "500ml"
        },
        "priceData": {
            "bestPrice": "4.00",
            "price": "4.00",
            "pricePerLitre": 8.0,
            "bestPricePerLitre": 8.0
        },
        "store": {
            "id": "5e75a87c6d8e6910a9000dd6",
            "name": "Fendalton"
        }
    },
    {
        "productData": {
            "name": "V Blue Sugarfree Energy Drink 500ml",
            "productId": "v-blue-sugarfree-energy-drink-500ml",
            "productShopPage": "https://fendalton.store.supervalue.co.nz/lines/v-blue-sugarfree-energy-drink-500ml",
            "productImageURL": "https://dtgxwmigmg3gc.cloudfront.net/imagery/assets/derivations/icon/512/512/true/eyJpZCI6ImVmYjQyOWRmM2JjZjc3NTY1ZDIwMTEyNTY0MDdmZjA1Iiwic3RvcmFnZSI6InB1YmxpY19zdG9yZSJ9?signature=2911d59474d8305039a3be3bef0f887c38d9ab84596314b13cc4b150101175ab",
            "productDescription": "",
            "volume": "500ml"
        },
        "priceData": {
            "bestPrice": "4.00",
            "price": "4.00",
            "pricePerLitre": 8.0,
            "bestPricePerLitre": 8.0
        },
        "store": {
            "id": "5e75a87c6d8e6910a9000dd6",
            "name": "Fendalton"
        }
    },
    {
        "productData": {
            "name": "V Blue Energy Drink Blue Guarana Can 500ml",
            "productId": "v-blue-energy-drink-blue-guarana-can-500ml",
            "productShopPage": "https://fendalton.store.supervalue.co.nz/lines/v-blue-energy-drink-blue-guarana-can-500ml",
            "productImageURL": "https://dtgxwmigmg3gc.cloudfront.net/imagery/assets/derivations/icon/512/512/true/eyJpZCI6ImFmYjEyYjVjYTU2YWI5ZDJhMTVmNGY2MDg2NWFlNzgxIiwic3RvcmFnZSI6InB1YmxpY19zdG9yZSJ9?signature=b537a8cc5a2c0f90f1702b2c541db44c3a740a0ec4a96e92ab2d6537f9320e8d",
            "productDescription": "",
            "volume": "500ml"
        },
        "priceData": {
            "bestPrice": "4.00",
            "price": "4.00",
            "pricePerLitre": 8.0,
            "bestPricePerLitre": 8.0
        },
        "store": {
            "id": "5e75a87c6d8e6910a9000dd6",
            "name": "Fendalton"
        }
    },
    {
        "productData": {
            "name": "V Energy Drink Sugar Free Guarana Bottle 350ml",
            "productId": "v-energy-drink-sugar-free-guarana-bottle-350ml",
            "productShopPage": "https://fendalton.store.supervalue.co.nz/lines/v-energy-drink-sugar-free-guarana-bottle-350ml",
            "productImageURL": "https://dtgxwmigmg3gc.cloudfront.net/imagery/assets/derivations/icon/512/512/true/eyJpZCI6ImM4MGVkZDY3Mjg5MTdjYTdhMTgxMzUxMTVkZmFlNzcxIiwic3RvcmFnZSI6InB1YmxpY19zdG9yZSJ9?signature=bfa701331e490bfdd2ed98e1c24e4f875f18a45383fc75ce599441cb0aa072cd",
            "productDescription": "",
            "volume": "350ml"
        },
        "priceData": {
            "bestPrice": "4.00",
            "price": "4.00",
            "pricePerLitre": 11.428571428571429,
            "bestPricePerLitre": 11.428571428571429
        },
        "store": {
            "id": "5e75a87c6d8e6910a9000dd6",
            "name": "Fendalton"
        }
    },
    {
        "productData": {
            "name": "Monster Energy Pipeline Punch 500ml",
            "productId": "monster-energy-pipeline-punch-500ml",
            "productShopPage": "https://fendalton.store.supervalue.co.nz/lines/monster-energy-pipeline-punch-500ml",
            "productImageURL": "https://dtgxwmigmg3gc.cloudfront.net/imagery/assets/derivations/icon/512/512/true/eyJpZCI6IjBhODJhZGNkMWY5YThiMWQ5ZjY0YjRjNGE0YWQwMzMxIiwic3RvcmFnZSI6InB1YmxpY19zdG9yZSJ9?signature=7a4880545cb059c8f06a41c671fb0785b7cddf3903741ed2f081d6bcf2e5189f",
            "productDescription": "",
            "volume": "500ml"
        },
        "priceData": {
            "bestPrice": "3.60",
            "price": "3.60",
            "pricePerLitre": 7.2,
            "bestPricePerLitre": 7.2
        },
        "store": {
            "id": "5e75a87c6d8e6910a9000dd6",
            "name": "Fendalton"
        }
    },
    {
        "productData": {
            "name": "Live Plus Energy Drink Citrus Flavour 500ml",
            "productId": "live-plus-persist-500ml",
            "productShopPage": "https://fendalton.store.supervalue.co.nz/lines/live-plus-persist-500ml",
            "productImageURL": "https://dtgxwmigmg3gc.cloudfront.net/imagery/assets/derivations/icon/512/512/true/eyJpZCI6IjFlNWQ5YzI4OWM1N2UzNmYzZmI2NThlMDQzZTI3ZjE4Iiwic3RvcmFnZSI6InB1YmxpY19zdG9yZSJ9?signature=756b17fefe47174b90e7dbec8cd09db27f9f59f4994bc750b71256ae93ba9fa8",
            "productDescription": "",
            "volume": "500ml"
        },
        "priceData": {
            "bestPrice": "3.20",
            "price": "3.20",
            "pricePerLitre": 6.4,
            "bestPricePerLitre": 6.4
        },
        "store": {
            "id": "5e75a87c6d8e6910a9000dd6",
            "name": "Fendalton"
        }
    },
    {
        "productData": {
            "name": "Live Plus Energy Drink Original Citrus Flavour 355ml",
            "productId": "live-plus-persist-glass-355ml",
            "productShopPage": "https://fendalton.store.supervalue.co.nz/lines/live-plus-persist-glass-355ml",
            "productImageURL": "https://dtgxwmigmg3gc.cloudfront.net/imagery/assets/derivations/icon/512/512/true/eyJpZCI6ImYzMjZlMTdmMmI5ZGRjZGYzYmFmNzNiMWQzN2Y5NDI4Iiwic3RvcmFnZSI6InB1YmxpY19zdG9yZSJ9?signature=8fa31eb2b309e9c7a293ba2e7a7541e3cdc686b1d3f519044aa97c666ae5f630",
            "productDescription": "",
            "volume": "355ml"
        },
        "priceData": {
            "bestPrice": "2.20",
            "price": "2.20",
            "pricePerLitre": 6.197183098591549,
            "bestPricePerLitre": 6.197183098591549
        },
        "store": {
            "id": "5e75a87c6d8e6910a9000dd6",
            "name": "Fendalton"
        }
    },
    {
        "productData": {
            "name": "Rockstar Punched Energy Guava 500ml",
            "productId": "rockstar-punched-energy-guava-500ml",
            "productShopPage": "https://fendalton.store.supervalue.co.nz/lines/rockstar-punched-energy-guava-500ml",
            "productImageURL": "https://dtgxwmigmg3gc.cloudfront.net/imagery/assets/derivations/icon/512/512/true/eyJpZCI6ImEzMDQwMDA1ZTlmNTRmNTczMTYzMDE1Yjk2NTFmZDIxIiwic3RvcmFnZSI6InB1YmxpY19zdG9yZSJ9?signature=bfb6b62e0f648da1212eb37234f40b47cf3251c956e2d837473e2acee3a5a4ef",
            "productDescription": "",
            "volume": "500ml"
        },
        "priceData": {
            "bestPrice": "2.20",
            "price": "2.20",
            "pricePerLitre": 4.4,
            "bestPricePerLitre": 4.4
        },
        "store": {
            "id": "5e75a87c6d8e6910a9000dd6",
            "name": "Fendalton"
        }
    },
    {
        "productData": {
            "name": "Live Plus Energy Drink Original Cans 250ml",
            "productId": "live-plus-energy-drink-original-cans-250ml",
            "productShopPage": "https://fendalton.store.supervalue.co.nz/lines/live-plus-energy-drink-original-cans-250ml",
            "productImageURL": "https://dtgxwmigmg3gc.cloudfront.net/imagery/assets/derivations/icon/512/512/true/eyJpZCI6IjJkOWMwNTExZWI5MDY3MmRhYzk2OWQzYTlmMDZlMzg4Iiwic3RvcmFnZSI6InB1YmxpY19zdG9yZSJ9?signature=ca15999b181bd95a0f396d2cd4687f7864bd189801bd1939021ec51f40f803ee",
            "productDescription": "",
            "volume": "250ml"
        },
        "priceData": {
            "bestPrice": "2.50",
            "price": "2.50",
            "pricePerLitre": 10.0,
            "bestPricePerLitre": 10.0
        },
        "store": {
            "id": "5e75a87c6d8e6910a9000dd6",
            "name": "Fendalton"
        }
    },
    {
        "productData": {
            "name": "Mother Kicked Apple 500ml",
            "productId": "mother-kicked-apple-500ml",
            "productShopPage": "https://lyttelton.store.supervalue.co.nz/lines/mother-kicked-apple-500ml",
            "productImageURL": "https://dtgxwmigmg3gc.cloudfront.net/imagery/assets/derivations/icon/512/512/true/eyJpZCI6IjNhZTlkYjkwYTM4MDFjMGEwYjUwYThhMDAwYjkyZjM0Iiwic3RvcmFnZSI6InB1YmxpY19zdG9yZSJ9?signature=c1a1db0a5d7b074c388cf08560fd44a4a2b6127821554198e54eeea8474325f6",
            "productDescription": "",
            "volume": "500ml"
        },
        "priceData": {
            "bestPrice": "2.40",
            "price": "2.40",
            "pricePerLitre": 4.8,
            "bestPricePerLitre": 4.8
        },
        "store": {
            "id": "5e75a762d7477614850003a2",
            "name": "Lyttelton"
        }
    },
    {
        "productData": {
            "name": "Monster Energy Import 550ml",
            "productId": "monster-energy-import-550ml",
            "productShopPage": "https://lyttelton.store.supervalue.co.nz/lines/monster-energy-import-550ml",
            "productImageURL": "https://dtgxwmigmg3gc.cloudfront.net/imagery/assets/derivations/icon/512/512/true/eyJpZCI6IjA2NGMxOGY0ZGZmNTVlMTNmNzA4ZjMxMWMyNGZjZjAyIiwic3RvcmFnZSI6InB1YmxpY19zdG9yZSJ9?signature=0b55cb185296dc7565fe1f5b72fcfd3d848728a98d940d66324e3ac86e1d833a",
            "productDescription": "",
            "volume": "550ml"
        },
        "priceData": {
            "bestPrice": "3.50",
            "price": "3.50",
            "pricePerLitre": 6.363636363636363,
            "bestPricePerLitre": 6.363636363636363
        },
        "store": {
            "id": "5e75a762d7477614850003a2",
            "name": "Lyttelton"
        }
    },
    {
        "productData": {
            "name": "Monster Energy Drink Ultra Paradise 500ml",
            "productId": "monster-energy-drink-ultra-paradise-500ml",
            "productShopPage": "https://lyttelton.store.supervalue.co.nz/lines/monster-energy-drink-ultra-paradise-500ml",
            "productImageURL": "https://dtgxwmigmg3gc.cloudfront.net/imagery/assets/derivations/icon/512/512/true/eyJpZCI6IjU3ZTFkM2FiYTM1NTE5MjBjNGY3YWQ1MDlmN2JiM2FiIiwic3RvcmFnZSI6InB1YmxpY19zdG9yZSJ9?signature=f112dbd2da966f41ee31deb58894dec2d4e327e223dcd676069650d679f43cb5",
            "productDescription": "",
            "volume": "500ml"
        },
        "priceData": {
            "bestPrice": "3.60",
            "price": "3.60",
            "pricePerLitre": 7.2,
            "bestPricePerLitre": 7.2
        },
        "store": {
            "id": "5e75a762d7477614850003a2",
            "name": "Lyttelton"
        }
    },
    {
        "productData": {
            "name": "Monster Energy Ultra Zero 500ml Can 500ml",
            "productId": "monster-energy-ultra-zero-500ml",
            "productShopPage": "https://lyttelton.store.supervalue.co.nz/lines/monster-energy-ultra-zero-500ml",
            "productImageURL": "https://dtgxwmigmg3gc.cloudfront.net/imagery/assets/derivations/icon/512/512/true/eyJpZCI6IjE2ZDZhZmVkN2M0YjVjMzRmMjExNGJhNWQyMzhlOTQ4Iiwic3RvcmFnZSI6InB1YmxpY19zdG9yZSJ9?signature=10ef7ab522a8389710a24973bac3bd88af990f17b5da987fda62632f41e72ced",
            "productDescription": "",
            "volume": "500ml"
        },
        "priceData": {
            "bestPrice": "3.60",
            "price": "3.60",
            "pricePerLitre": 7.2,
            "bestPricePerLitre": 7.2
        },
        "store": {
            "id": "5e75a762d7477614850003a2",
            "name": "Lyttelton"
        }
    },
    {
        "productData": {
            "name": "Monster Energy Green 500ml",
            "productId": "monster-energy-green-500ml",
            "productShopPage": "https://lyttelton.store.supervalue.co.nz/lines/monster-energy-green-500ml",
            "productImageURL": "https://dtgxwmigmg3gc.cloudfront.net/imagery/assets/derivations/icon/512/512/true/eyJpZCI6IjdlMWQ4YzE4OWEzYjkxOWExNTNiZDRmMGNhMjA0MGFjIiwic3RvcmFnZSI6InB1YmxpY19zdG9yZSJ9?signature=7d8e276d7131e46748c715b58473be8fec7d21f3d10abd6d108f8b0cb856d4a3",
            "productDescription": "",
            "volume": "500ml"
        },
        "priceData": {
            "bestPrice": "3.60",
            "price": "3.60",
            "pricePerLitre": 7.2,
            "bestPricePerLitre": 7.2
        },
        "store": {
            "id": "5e75a762d7477614850003a2",
            "name": "Lyttelton"
        }
    },
    {
        "productData": {
            "name": "Monster Energy Drink Ultra Rosa 500ml",
            "productId": "monster-energy-drink-ultra-rosa-500ml",
            "productShopPage": "https://lyttelton.store.supervalue.co.nz/lines/monster-energy-drink-ultra-rosa-500ml",
            "productImageURL": "https://dtgxwmigmg3gc.cloudfront.net/imagery/assets/derivations/icon/512/512/true/eyJpZCI6IjBmZDhiOGI4MDk3NDYzMDI0ZGQ4OTdhYTk2ZmVmMmRiIiwic3RvcmFnZSI6InB1YmxpY19zdG9yZSJ9?signature=b524829083fd581b245f26f999cd130415f1b63b346277cf6a7a0faece216093",
            "productDescription": "",
            "volume": "500ml"
        },
        "priceData": {
            "bestPrice": "3.60",
            "price": "3.60",
            "pricePerLitre": 7.2,
            "bestPricePerLitre": 7.2
        },
        "store": {
            "id": "5e75a762d7477614850003a2",
            "name": "Lyttelton"
        }
    },
    {
        "productData": {
            "name": "Mother Energy Drink Berry 500ml",
            "productId": "mother-energy-drink-berry-500ml",
            "productShopPage": "https://lyttelton.store.supervalue.co.nz/lines/mother-energy-drink-berry-500ml",
            "productImageURL": "https://dtgxwmigmg3gc.cloudfront.net/imagery/assets/derivations/icon/512/512/true/eyJpZCI6ImRhYTJlNjUzNzRjZjViNjI0ZDljNzUzNDA3YmE0ZDFkIiwic3RvcmFnZSI6InB1YmxpY19zdG9yZSJ9?signature=d9ffb465d71d599811c2ff7a788845bfe297eb3624ad7866a89cf0b3ece073f0",
            "productDescription": "",
            "volume": "500ml"
        },
        "priceData": {
            "bestPrice": "2.40",
            "price": "2.40",
            "pricePerLitre": 4.8,
            "bestPricePerLitre": 4.8
        },
        "store": {
            "id": "5e75a762d7477614850003a2",
            "name": "Lyttelton"
        }
    },
    {
        "productData": {
            "name": "Mother Energy Drink Black 500ml",
            "productId": "mother-energy-drink-black-500ml",
            "productShopPage": "https://lyttelton.store.supervalue.co.nz/lines/mother-energy-drink-black-500ml",
            "productImageURL": "https://dtgxwmigmg3gc.cloudfront.net/imagery/assets/derivations/icon/512/512/true/eyJpZCI6ImYyMzA5MjhkYjg3ODFhYmYzZDU3ZjE1YjNmYzU2MWFjIiwic3RvcmFnZSI6InB1YmxpY19zdG9yZSJ9?signature=d3dbddb83d3d457075cd5d8936bef0c5b48fce4fa3fe725995d8b6d57219ceb5",
            "productDescription": "",
            "volume": "500ml"
        },
        "priceData": {
            "bestPrice": "2.40",
            "price": "2.40",
            "pricePerLitre": 4.8,
            "bestPricePerLitre": 4.8
        },
        "store": {
            "id": "5e75a762d7477614850003a2",
            "name": "Lyttelton"
        }
    },
    {
        "productData": {
            "name": "Mother Energy Drink Passion 500ml",
            "productId": "mother-energy-drink-passion-500ml",
            "productShopPage": "https://lyttelton.store.supervalue.co.nz/lines/mother-energy-drink-passion-500ml",
            "productImageURL": "https://dtgxwmigmg3gc.cloudfront.net/imagery/assets/derivations/icon/512/512/true/eyJpZCI6ImFkZDQ3ZmI4MGJjMmU2ZTgxNDcxNDRhYWFmOWZkYzViIiwic3RvcmFnZSI6InB1YmxpY19zdG9yZSJ9?signature=c8aea44ce6ff965b9e87fcb9f60849b0328e9b8983b9d5547e51c910f8f5368b",
            "productDescription": "",
            "volume": "500ml"
        },
        "priceData": {
            "bestPrice": "2.40",
            "price": "2.40",
            "pricePerLitre": 4.8,
            "bestPricePerLitre": 4.8
        },
        "store": {
            "id": "5e75a762d7477614850003a2",
            "name": "Lyttelton"
        }
    },
    {
        "productData": {
            "name": "Mother Tropical Blast 500ml",
            "productId": "mother-tropical-blast-500ml",
            "productShopPage": "https://lyttelton.store.supervalue.co.nz/lines/mother-tropical-blast-500ml",
            "productImageURL": "https://dtgxwmigmg3gc.cloudfront.net/imagery/assets/derivations/icon/512/512/true/eyJpZCI6IjY2ODFiOTc3MTY1OWVlZGI0YWU0ZDEwNmRkMWI3MTFmIiwic3RvcmFnZSI6InB1YmxpY19zdG9yZSJ9?signature=d1b01bfff1b3992a83da4126d87194cc3819f2c04c19ef718954650d0bb059a1",
            "productDescription": "",
            "volume": "500ml"
        },
        "priceData": {
            "bestPrice": "2.40",
            "price": "2.40",
            "pricePerLitre": 4.8,
            "bestPricePerLitre": 4.8
        },
        "store": {
            "id": "5e75a762d7477614850003a2",
            "name": "Lyttelton"
        }
    },
    {
        "productData": {
            "name": "Mother Can Energy 250ml",
            "productId": "mother-can-energy-250ml",
            "productShopPage": "https://lyttelton.store.supervalue.co.nz/lines/mother-can-energy-250ml",
            "productImageURL": "https://dtgxwmigmg3gc.cloudfront.net/imagery/assets/derivations/icon/512/512/true/eyJpZCI6IjVhOTg3YmMxMjJjMGU2MTcxY2VhNzRjMmY0YzdmNDc2Iiwic3RvcmFnZSI6InB1YmxpY19zdG9yZSJ9?signature=b86ce206a3fb5a708e03da17f785e4d2d6e9436aae122f10ca04f56e5325a61f",
            "productDescription": "",
            "volume": "250ml"
        },
        "priceData": {
            "bestPrice": "2.29",
            "price": "2.29",
            "pricePerLitre": 9.16,
            "bestPricePerLitre": 9.16
        },
        "store": {
            "id": "5e75a762d7477614850003a2",
            "name": "Lyttelton"
        }
    },
    {
        "productData": {
            "name": "Mother Epic Swell Energy Drink Twisted Apple 500ml",
            "productId": "mother-epic-swell-energy-drink-twisted-apple-500ml",
            "productShopPage": "https://lyttelton.store.supervalue.co.nz/lines/mother-epic-swell-energy-drink-twisted-apple-500ml",
            "productImageURL": "https://dtgxwmigmg3gc.cloudfront.net/imagery/assets/derivations/icon/512/512/true/eyJpZCI6IjE3NGY3OWU3NDkwYTQ5MGE4NGFkNjYzZjVlODdjNzlmIiwic3RvcmFnZSI6InB1YmxpY19zdG9yZSJ9?signature=8b8c94eb83ff8e282e2c9309d499d02862cc0d052bea74cb186828b6e121cc4e",
            "productDescription": "",
            "volume": "500ml"
        },
        "priceData": {
            "bestPrice": "2.40",
            "price": "2.40",
            "pricePerLitre": 4.8,
            "bestPricePerLitre": 4.8
        },
        "store": {
            "id": "5e75a762d7477614850003a2",
            "name": "Lyttelton"
        }
    },
    {
        "productData": {
            "name": "Monster Energy Juice Mango Loco 500ml",
            "productId": "monster-energy-juice-mango-loco-500ml-can",
            "productShopPage": "https://lyttelton.store.supervalue.co.nz/lines/monster-energy-juice-mango-loco-500ml-can",
            "productImageURL": "https://dtgxwmigmg3gc.cloudfront.net/imagery/assets/derivations/icon/512/512/true/eyJpZCI6ImFiNTMzOTMyOWEwYWQ0NzdjMjJjNjlkMzQxZTNhOGQxIiwic3RvcmFnZSI6InB1YmxpY19zdG9yZSJ9?signature=68e99f74abe4c896ded0dd7313a3b51988c1e1a783fd4322eb0d59affb53ec54",
            "productDescription": "",
            "volume": "500ml"
        },
        "priceData": {
            "bestPrice": "3.60",
            "price": "3.60",
            "pricePerLitre": 7.2,
            "bestPricePerLitre": 7.2
        },
        "store": {
            "id": "5e75a762d7477614850003a2",
            "name": "Lyttelton"
        }
    },
    {
        "productData": {
            "name": "V Energy Drink 710ml Can",
            "productId": "v-energy-drink-710ml-can",
            "productShopPage": "https://lyttelton.store.supervalue.co.nz/lines/v-energy-drink-710ml-can",
            "productImageURL": "https://dtgxwmigmg3gc.cloudfront.net/imagery/assets/derivations/icon/512/512/true/eyJpZCI6ImU1Mjg5NDIyNDI0MzhlNGM0N2IxY2FmMmExOWQ0OGI0Iiwic3RvcmFnZSI6InB1YmxpY19zdG9yZSJ9?signature=875386458f8ad66eb59967a1ca6ad24a19d1592f97a894e439af7d9be1852340",
            "productDescription": "",
            "volume": "710ml"
        },
        "priceData": {
            "bestPrice": "3.90",
            "price": "3.90",
            "pricePerLitre": 5.492957746478873,
            "bestPricePerLitre": 5.492957746478873
        },
        "store": {
            "id": "5e75a762d7477614850003a2",
            "name": "Lyttelton"
        }
    },
    {
        "productData": {
            "name": "V Energy Drink Guarana 500ml",
            "productId": "v-energy-drink-guarana-500ml",
            "productShopPage": "https://lyttelton.store.supervalue.co.nz/lines/v-energy-drink-guarana-500ml",
            "productImageURL": "https://dtgxwmigmg3gc.cloudfront.net/imagery/assets/derivations/icon/512/512/true/eyJpZCI6IjgzZDAxMjhiMzg4NmEwZmE4YTE2ZjY2NWIzNmM2NzI2Iiwic3RvcmFnZSI6InB1YmxpY19zdG9yZSJ9?signature=f55ecc561066291a4e74a967db35ea2355f881bd1708bf400fd790032384ae4f",
            "productDescription": "",
            "volume": "500ml"
        },
        "priceData": {
            "bestPrice": "2.80",
            "price": "2.80",
            "pricePerLitre": 5.6,
            "bestPricePerLitre": 5.6
        },
        "store": {
            "id": "5e75a762d7477614850003a2",
            "name": "Lyttelton"
        }
    },
    {
        "productData": {
            "name": "V Energy Drink Sugar Free Guarana 250ml",
            "productId": "v-energy-drink-sugar-free-guarana-250ml",
            "productShopPage": "https://lyttelton.store.supervalue.co.nz/lines/v-energy-drink-sugar-free-guarana-250ml",
            "productImageURL": "https://dtgxwmigmg3gc.cloudfront.net/imagery/assets/derivations/icon/512/512/true/eyJpZCI6ImZiNzM1NmU4NTMyZDllODlkZTljZmNlOGY2MzQ5NGQwIiwic3RvcmFnZSI6InB1YmxpY19zdG9yZSJ9?signature=72b0ce0a48ca796717c115fe5e8b4564501470f63bf80ae865d26e9d131a2b8c",
            "productDescription": "",
            "volume": "250ml"
        },
        "priceData": {
            "bestPrice": "2.40",
            "price": "2.40",
            "pricePerLitre": 9.6,
            "bestPricePerLitre": 9.6
        },
        "store": {
            "id": "5e75a762d7477614850003a2",
            "name": "Lyttelton"
        }
    },
    {
        "productData": {
            "name": "V Energy Drink Blue Guarana Spritzed 350ml",
            "productId": "v-blue-energy-drink-blue-guarana-spritzed-350ml",
            "productShopPage": "https://lyttelton.store.supervalue.co.nz/lines/v-blue-energy-drink-blue-guarana-spritzed-350ml",
            "productImageURL": "https://dtgxwmigmg3gc.cloudfront.net/imagery/assets/derivations/icon/512/512/true/eyJpZCI6ImY2OTRlZGI4NjdlNWMzZDM5NzgzMDQ0ODFkMzUxZGZiIiwic3RvcmFnZSI6InB1YmxpY19zdG9yZSJ9?signature=591b3079cb9c2407a29b3bc348eaf42dc1d34daba5c9d7aba65be654725b6719",
            "productDescription": "",
            "volume": "350ml"
        },
        "priceData": {
            "bestPrice": "4.00",
            "price": "4.00",
            "pricePerLitre": 11.428571428571429,
            "bestPricePerLitre": 11.428571428571429
        },
        "store": {
            "id": "5e75a762d7477614850003a2",
            "name": "Lyttelton"
        }
    },
    {
        "productData": {
            "name": "V Energy Drink Green Guarana 350ml",
            "productId": "v-energy-drink-green-guarana-350ml",
            "productShopPage": "https://lyttelton.store.supervalue.co.nz/lines/v-energy-drink-green-guarana-350ml",
            "productImageURL": "https://dtgxwmigmg3gc.cloudfront.net/imagery/assets/derivations/icon/512/512/true/eyJpZCI6IjRiNjY4ZjYxOTQ2ODYyN2MzM2NiZWMyNGUyNmIyODk4Iiwic3RvcmFnZSI6InB1YmxpY19zdG9yZSJ9?signature=4cded9cb42349eef45a593461f311b1bb7fa881295733879671ad9fe9887d30c",
            "productDescription": "",
            "volume": "350ml"
        },
        "priceData": {
            "bestPrice": "4.00",
            "price": "4.00",
            "pricePerLitre": 11.428571428571429,
            "bestPricePerLitre": 11.428571428571429
        },
        "store": {
            "id": "5e75a762d7477614850003a2",
            "name": "Lyttelton"
        }
    },
    {
        "productData": {
            "name": "V Energy Drink Guarana Can 250ml",
            "productId": "v-energy-drink-guarana-can-250ml",
            "productShopPage": "https://lyttelton.store.supervalue.co.nz/lines/v-energy-drink-guarana-can-250ml",
            "productImageURL": "https://dtgxwmigmg3gc.cloudfront.net/imagery/assets/derivations/icon/512/512/true/eyJpZCI6Ijc3Nzk1NjE2ZDhhNmFiMThhYzEzODYzOTg2ZmNkNzgwIiwic3RvcmFnZSI6InB1YmxpY19zdG9yZSJ9?signature=f5de1854d43e19cc62bff86893d4a55615cd916f8425a4dccd170b52eba81255",
            "productDescription": "",
            "volume": "250ml"
        },
        "priceData": {
            "bestPrice": "2.40",
            "price": "2.40",
            "pricePerLitre": 9.6,
            "bestPricePerLitre": 9.6
        },
        "store": {
            "id": "5e75a762d7477614850003a2",
            "name": "Lyttelton"
        }
    },
    {
        "productData": {
            "name": "V Energy Drink Guarana Can 500ml",
            "productId": "v-energy-drink-guarana-can-500ml",
            "productShopPage": "https://lyttelton.store.supervalue.co.nz/lines/v-energy-drink-guarana-can-500ml",
            "productImageURL": "https://dtgxwmigmg3gc.cloudfront.net/imagery/assets/derivations/icon/512/512/true/eyJpZCI6ImI0NjgzNGZjNDRkMjU0MjgzYzJjZGNhMzA2NWIxYjA5Iiwic3RvcmFnZSI6InB1YmxpY19zdG9yZSJ9?signature=265e8273409849423466e7623cbbdf8352940707b8830803eec391e8f32c9c5f",
            "productDescription": "",
            "volume": "500ml"
        },
        "priceData": {
            "bestPrice": "4.00",
            "price": "4.00",
            "pricePerLitre": 8.0,
            "bestPricePerLitre": 8.0
        },
        "store": {
            "id": "5e75a762d7477614850003a2",
            "name": "Lyttelton"
        }
    },
    {
        "productData": {
            "name": "V Energy Drink Sugar Free Guarana 500ml",
            "productId": "v-energy-drink-sugar-free-guarana-500ml",
            "productShopPage": "https://lyttelton.store.supervalue.co.nz/lines/v-energy-drink-sugar-free-guarana-500ml",
            "productImageURL": "https://dtgxwmigmg3gc.cloudfront.net/imagery/assets/derivations/icon/512/512/true/eyJpZCI6Ijg4MGExMDYxOTY4NTJiYzM1ZTExMmU2MGE2OWYxNDE3Iiwic3RvcmFnZSI6InB1YmxpY19zdG9yZSJ9?signature=b0536d25b9da8158705e24c88e21fabbf85c1dabc19f18108c386e956ffd7045",
            "productDescription": "",
            "volume": "500ml"
        },
        "priceData": {
            "bestPrice": "4.00",
            "price": "4.00",
            "pricePerLitre": 8.0,
            "bestPricePerLitre": 8.0
        },
        "store": {
            "id": "5e75a762d7477614850003a2",
            "name": "Lyttelton"
        }
    },
    {
        "productData": {
            "name": "V Blue Sugarfree Energy Drink 500ml",
            "productId": "v-blue-sugarfree-energy-drink-500ml",
            "productShopPage": "https://lyttelton.store.supervalue.co.nz/lines/v-blue-sugarfree-energy-drink-500ml",
            "productImageURL": "https://dtgxwmigmg3gc.cloudfront.net/imagery/assets/derivations/icon/512/512/true/eyJpZCI6ImVmYjQyOWRmM2JjZjc3NTY1ZDIwMTEyNTY0MDdmZjA1Iiwic3RvcmFnZSI6InB1YmxpY19zdG9yZSJ9?signature=2911d59474d8305039a3be3bef0f887c38d9ab84596314b13cc4b150101175ab",
            "productDescription": "",
            "volume": "500ml"
        },
        "priceData": {
            "bestPrice": "4.00",
            "price": "4.00",
            "pricePerLitre": 8.0,
            "bestPricePerLitre": 8.0
        },
        "store": {
            "id": "5e75a762d7477614850003a2",
            "name": "Lyttelton"
        }
    },
    {
        "productData": {
            "name": "V Blue Energy Drink Blue Guarana Can 250ml",
            "productId": "v-blue-energy-drink-blue-guarana-can-250ml",
            "productShopPage": "https://lyttelton.store.supervalue.co.nz/lines/v-blue-energy-drink-blue-guarana-can-250ml",
            "productImageURL": "https://dtgxwmigmg3gc.cloudfront.net/imagery/assets/derivations/icon/512/512/true/eyJpZCI6IjBmZjQwNDEyZWQ2ZDk4YTg3YWQ2ZDUyMWZlNjM1YzJkIiwic3RvcmFnZSI6InB1YmxpY19zdG9yZSJ9?signature=8f745abe5614ec47b3d7a07f1a34ba529184a87b2a696211ba5a0f9f29c86bf0",
            "productDescription": "",
            "volume": "250ml"
        },
        "priceData": {
            "bestPrice": "2.40",
            "price": "2.40",
            "pricePerLitre": 9.6,
            "bestPricePerLitre": 9.6
        },
        "store": {
            "id": "5e75a762d7477614850003a2",
            "name": "Lyttelton"
        }
    },
    {
        "productData": {
            "name": "V Blue Energy Drink Blue Guarana Can 500ml",
            "productId": "v-blue-energy-drink-blue-guarana-can-500ml",
            "productShopPage": "https://lyttelton.store.supervalue.co.nz/lines/v-blue-energy-drink-blue-guarana-can-500ml",
            "productImageURL": "https://dtgxwmigmg3gc.cloudfront.net/imagery/assets/derivations/icon/512/512/true/eyJpZCI6ImFmYjEyYjVjYTU2YWI5ZDJhMTVmNGY2MDg2NWFlNzgxIiwic3RvcmFnZSI6InB1YmxpY19zdG9yZSJ9?signature=b537a8cc5a2c0f90f1702b2c541db44c3a740a0ec4a96e92ab2d6537f9320e8d",
            "productDescription": "",
            "volume": "500ml"
        },
        "priceData": {
            "bestPrice": "4.00",
            "price": "4.00",
            "pricePerLitre": 8.0,
            "bestPricePerLitre": 8.0
        },
        "store": {
            "id": "5e75a762d7477614850003a2",
            "name": "Lyttelton"
        }
    },
    {
        "productData": {
            "name": "V Energy Drink Sugar Free Guarana Bottle 350ml",
            "productId": "v-energy-drink-sugar-free-guarana-bottle-350ml",
            "productShopPage": "https://lyttelton.store.supervalue.co.nz/lines/v-energy-drink-sugar-free-guarana-bottle-350ml",
            "productImageURL": "https://dtgxwmigmg3gc.cloudfront.net/imagery/assets/derivations/icon/512/512/true/eyJpZCI6ImM4MGVkZDY3Mjg5MTdjYTdhMTgxMzUxMTVkZmFlNzcxIiwic3RvcmFnZSI6InB1YmxpY19zdG9yZSJ9?signature=bfa701331e490bfdd2ed98e1c24e4f875f18a45383fc75ce599441cb0aa072cd",
            "productDescription": "",
            "volume": "350ml"
        },
        "priceData": {
            "bestPrice": "4.00",
            "price": "4.00",
            "pricePerLitre": 11.428571428571429,
            "bestPricePerLitre": 11.428571428571429
        },
        "store": {
            "id": "5e75a762d7477614850003a2",
            "name": "Lyttelton"
        }
    },
    {
        "productData": {
            "name": "Monster Mule Energy Drink 500ml",
            "productId": "monster-mule-ginger-brew-500ml",
            "productShopPage": "https://lyttelton.store.supervalue.co.nz/lines/monster-mule-ginger-brew-500ml",
            "productImageURL": "https://dtgxwmigmg3gc.cloudfront.net/imagery/assets/derivations/icon/512/512/true/eyJpZCI6ImM1OTM5MTIyZTRlNmNhNzk0ODFlMDE4ZWVmMWE2Y2ZlIiwic3RvcmFnZSI6InB1YmxpY19zdG9yZSJ9?signature=5d11287f30ef58c148e37382d61c0d83097d5461683a9aa5dd9456941c1f32e5",
            "productDescription": "",
            "volume": "500ml"
        },
        "priceData": {
            "bestPrice": "3.60",
            "price": "3.60",
            "pricePerLitre": 7.2,
            "bestPricePerLitre": 7.2
        },
        "store": {
            "id": "5e75a762d7477614850003a2",
            "name": "Lyttelton"
        }
    },
    {
        "productData": {
            "name": "Monster Energy Pipeline Punch 500ml",
            "productId": "monster-energy-pipeline-punch-500ml",
            "productShopPage": "https://lyttelton.store.supervalue.co.nz/lines/monster-energy-pipeline-punch-500ml",
            "productImageURL": "https://dtgxwmigmg3gc.cloudfront.net/imagery/assets/derivations/icon/512/512/true/eyJpZCI6IjBhODJhZGNkMWY5YThiMWQ5ZjY0YjRjNGE0YWQwMzMxIiwic3RvcmFnZSI6InB1YmxpY19zdG9yZSJ9?signature=7a4880545cb059c8f06a41c671fb0785b7cddf3903741ed2f081d6bcf2e5189f",
            "productDescription": "",
            "volume": "500ml"
        },
        "priceData": {
            "bestPrice": "3.60",
            "price": "3.60",
            "pricePerLitre": 7.2,
            "bestPricePerLitre": 7.2
        },
        "store": {
            "id": "5e75a762d7477614850003a2",
            "name": "Lyttelton"
        }
    },
    {
        "productData": {
            "name": "Rockstar Punched Energy Guava 500ml",
            "productId": "rockstar-punched-energy-guava-500ml",
            "productShopPage": "https://lyttelton.store.supervalue.co.nz/lines/rockstar-punched-energy-guava-500ml",
            "productImageURL": "https://dtgxwmigmg3gc.cloudfront.net/imagery/assets/derivations/icon/512/512/true/eyJpZCI6ImEzMDQwMDA1ZTlmNTRmNTczMTYzMDE1Yjk2NTFmZDIxIiwic3RvcmFnZSI6InB1YmxpY19zdG9yZSJ9?signature=bfb6b62e0f648da1212eb37234f40b47cf3251c956e2d837473e2acee3a5a4ef",
            "productDescription": "",
            "volume": "500ml"
        },
        "priceData": {
            "bestPrice": "2.20",
            "price": "2.20",
            "pricePerLitre": 4.4,
            "bestPricePerLitre": 4.4
        },
        "store": {
            "id": "5e75a762d7477614850003a2",
            "name": "Lyttelton"
        }
    },
    {
        "productData": {
            "name": "Live Plus Energy Drink Sugar Free Citrus Flavour 250ml",
            "productId": "live-plus-zero-sug-citrus-500ml",
            "productShopPage": "https://lyttelton.store.supervalue.co.nz/lines/live-plus-zero-sug-citrus-500ml",
            "productImageURL": "https://dtgxwmigmg3gc.cloudfront.net/imagery/assets/derivations/icon/512/512/true/eyJpZCI6IjhkZGE2ODE2ZDc4Y2E5MmUxZTQ3YjAxOWExZjNlMTU5Iiwic3RvcmFnZSI6InB1YmxpY19zdG9yZSJ9?signature=ab72ec55544855bdd6eb188264cd302aac7f6bc747af365b1624653223d6953d",
            "productDescription": "",
            "volume": "250ml"
        },
        "priceData": {
            "bestPrice": "2.40",
            "price": "2.40",
            "pricePerLitre": 9.6,
            "bestPricePerLitre": 9.6
        },
        "store": {
            "id": "5e75a762d7477614850003a2",
            "name": "Lyttelton"
        }
    },
    {
        "productData": {
            "name": "Monster Ultra Fiesta Energy 500ml",
            "productId": "monster-ultra-fiesta-energy-500ml",
            "productShopPage": "https://lyttelton.store.supervalue.co.nz/lines/monster-ultra-fiesta-energy-500ml",
            "productImageURL": "https://dtgxwmigmg3gc.cloudfront.net/imagery/assets/derivations/icon/512/512/true/eyJpZCI6Ijg5N2U0MTUxNjJmNzU3MDA2MjQ3MGU2OWU5NWVhMzY2LmpwZyIsInN0b3JhZ2UiOiJwdWJsaWNfc3RvcmUifQ?signature=b5e95acb1f97789b134681678c5ac2a1847e8d33e7fad84f9ec384b4f5b59496",
            "productDescription": "",
            "volume": "500ml"
        },
        "priceData": {
            "bestPrice": "3.60",
            "price": "3.60",
            "pricePerLitre": 7.2,
            "bestPricePerLitre": 7.2
        },
        "store": {
            "id": "5e75a762d7477614850003a2",
            "name": "Lyttelton"
        }
    },
    {
        "productData": {
            "name": "Rockstar Energy Drink Blueberry Can 500ml",
            "productId": "rockstar-energy-drink-blueberry-can-500ml",
            "productShopPage": "https://lyttelton.store.supervalue.co.nz/lines/rockstar-energy-drink-blueberry-can-500ml",
            "productImageURL": "https://dtgxwmigmg3gc.cloudfront.net/imagery/assets/derivations/icon/512/512/true/eyJpZCI6ImI1N2Q4NGI2ZGNjM2JiNDYyNzE0MDM1NDBmNDFiMTczIiwic3RvcmFnZSI6InB1YmxpY19zdG9yZSJ9?signature=7e05418bac60cf5dc657a6490b215fa93221265cb5d03bdab391f3993e9949d7",
            "productDescription": "",
            "volume": "500ml"
        },
        "priceData": {
            "bestPrice": "2.20",
            "price": "2.20",
            "pricePerLitre": 4.4,
            "bestPricePerLitre": 4.4
        },
        "store": {
            "id": "5e75a762d7477614850003a2",
            "name": "Lyttelton"
        }
    },
    {
        "productData": {
            "name": "Live Plus Energy Drink Original Cans 250ml",
            "productId": "live-plus-energy-drink-original-cans-250ml",
            "productShopPage": "https://lyttelton.store.supervalue.co.nz/lines/live-plus-energy-drink-original-cans-250ml",
            "productImageURL": "https://dtgxwmigmg3gc.cloudfront.net/imagery/assets/derivations/icon/512/512/true/eyJpZCI6IjJkOWMwNTExZWI5MDY3MmRhYzk2OWQzYTlmMDZlMzg4Iiwic3RvcmFnZSI6InB1YmxpY19zdG9yZSJ9?signature=ca15999b181bd95a0f396d2cd4687f7864bd189801bd1939021ec51f40f803ee",
            "productDescription": "",
            "volume": "250ml"
        },
        "priceData": {
            "bestPrice": "2.50",
            "price": "2.50",
            "pricePerLitre": 10.0,
            "bestPricePerLitre": 10.0
        },
        "store": {
            "id": "5e75a762d7477614850003a2",
            "name": "Lyttelton"
        }
    },
    {
        "productData": {
            "name": "Monster Super Fuel Tropical Thunder 550ml",
            "productId": "monster-super-fuel-tropical-thunder-550ml",
            "productShopPage": "https://lyttelton.store.supervalue.co.nz/lines/monster-super-fuel-tropical-thunder-550ml",
            "productImageURL": "https://dtgxwmigmg3gc.cloudfront.net/imagery/assets/derivations/icon/512/512/true/eyJpZCI6ImU1MDMwZGIyMGNiOTQ2NWRlMWY3OWVkYmMxNGI4Zjg2Iiwic3RvcmFnZSI6InB1YmxpY19zdG9yZSJ9?signature=edda4faf145060b78b7a826b3d26392e4283e9f7f22cebee6de6f90f70d215de",
            "productDescription": "",
            "volume": "550ml"
        },
        "priceData": {
            "bestPrice": "4.70",
            "price": "4.70",
            "pricePerLitre": 8.545454545454545,
            "bestPricePerLitre": 8.545454545454545
        },
        "store": {
            "id": "5e75a762d7477614850003a2",
            "name": "Lyttelton"
        }
    },
    {
        "productData": {
            "name": "V Refresh Energy Drink Citrus Lemonade 500ml Can 500ml",
            "productId": "v-refresh-energy-drink-citrus-lemonade-500ml-can-500ml",
            "productShopPage": "https://methven.store.supervalue.co.nz/lines/v-refresh-energy-drink-citrus-lemonade-500ml-can-500ml",
            "productImageURL": "https://dtgxwmigmg3gc.cloudfront.net/imagery/assets/derivations/icon/512/512/true/eyJpZCI6IjVlN2QyZDg4OTlkNWVhZDc1OTM3YzEwZDgwOTg1NjJmIiwic3RvcmFnZSI6InB1YmxpY19zdG9yZSJ9?signature=35586a0457373f804173605ba7f35fb0b256a119e67175911e869a6f42785c11",
            "productDescription": "",
            "volume": "500ml"
        },
        "priceData": {
            "bestPrice": "3.30",
            "price": "3.30",
            "pricePerLitre": 6.6,
            "bestPricePerLitre": 6.6
        },
        "store": {
            "id": "5e75ab0660b75a521800349d",
            "name": "Methven"
        }
    },
    {
        "productData": {
            "name": "V Refresh Energy Drink Pineapple Watermelon 500ml Can 500ml",
            "productId": "v-refresh-energy-drink-pineapple-watermelon-500ml-can-500ml",
            "productShopPage": "https://methven.store.supervalue.co.nz/lines/v-refresh-energy-drink-pineapple-watermelon-500ml-can-500ml",
            "productImageURL": "https://dtgxwmigmg3gc.cloudfront.net/imagery/assets/derivations/icon/512/512/true/eyJpZCI6IjgzMTBmY2EwMzFkODkxOTAxNDFmYWNhMjZhZmFlZTI0Iiwic3RvcmFnZSI6InB1YmxpY19zdG9yZSJ9?signature=2062a73b018e86e0e6858a08c9fea597971ea894ef5eee6cfb310bcaa3201c6f",
            "productDescription": "",
            "volume": "500ml"
        },
        "priceData": {
            "bestPrice": "3.30",
            "price": "3.30",
            "pricePerLitre": 6.6,
            "bestPricePerLitre": 6.6
        },
        "store": {
            "id": "5e75ab0660b75a521800349d",
            "name": "Methven"
        }
    },
    {
        "productData": {
            "name": "Mother Kicked Apple 500ml",
            "productId": "mother-kicked-apple-500ml",
            "productShopPage": "https://methven.store.supervalue.co.nz/lines/mother-kicked-apple-500ml",
            "productImageURL": "https://dtgxwmigmg3gc.cloudfront.net/imagery/assets/derivations/icon/512/512/true/eyJpZCI6IjNhZTlkYjkwYTM4MDFjMGEwYjUwYThhMDAwYjkyZjM0Iiwic3RvcmFnZSI6InB1YmxpY19zdG9yZSJ9?signature=c1a1db0a5d7b074c388cf08560fd44a4a2b6127821554198e54eeea8474325f6",
            "productDescription": "",
            "volume": "500ml"
        },
        "priceData": {
            "bestPrice": "2.20",
            "price": "2.20",
            "pricePerLitre": 4.4,
            "bestPricePerLitre": 4.4
        },
        "store": {
            "id": "5e75ab0660b75a521800349d",
            "name": "Methven"
        }
    },
    {
        "productData": {
            "name": "Monster Energy Import 550ml",
            "productId": "monster-energy-import-550ml",
            "productShopPage": "https://methven.store.supervalue.co.nz/lines/monster-energy-import-550ml",
            "productImageURL": "https://dtgxwmigmg3gc.cloudfront.net/imagery/assets/derivations/icon/512/512/true/eyJpZCI6IjA2NGMxOGY0ZGZmNTVlMTNmNzA4ZjMxMWMyNGZjZjAyIiwic3RvcmFnZSI6InB1YmxpY19zdG9yZSJ9?signature=0b55cb185296dc7565fe1f5b72fcfd3d848728a98d940d66324e3ac86e1d833a",
            "productDescription": "",
            "volume": "550ml"
        },
        "priceData": {
            "bestPrice": "3.99",
            "price": "3.99",
            "pricePerLitre": 7.254545454545455,
            "bestPricePerLitre": 7.254545454545455
        },
        "store": {
            "id": "5e75ab0660b75a521800349d",
            "name": "Methven"
        }
    },
    {
        "productData": {
            "name": "Monster Energy Drink Ultra Paradise 500ml",
            "productId": "monster-energy-drink-ultra-paradise-500ml",
            "productShopPage": "https://methven.store.supervalue.co.nz/lines/monster-energy-drink-ultra-paradise-500ml",
            "productImageURL": "https://dtgxwmigmg3gc.cloudfront.net/imagery/assets/derivations/icon/512/512/true/eyJpZCI6IjU3ZTFkM2FiYTM1NTE5MjBjNGY3YWQ1MDlmN2JiM2FiIiwic3RvcmFnZSI6InB1YmxpY19zdG9yZSJ9?signature=f112dbd2da966f41ee31deb58894dec2d4e327e223dcd676069650d679f43cb5",
            "productDescription": "",
            "volume": "500ml"
        },
        "priceData": {
            "bestPrice": "3.60",
            "price": "3.60",
            "pricePerLitre": 7.2,
            "bestPricePerLitre": 7.2
        },
        "store": {
            "id": "5e75ab0660b75a521800349d",
            "name": "Methven"
        }
    },
    {
        "productData": {
            "name": "Monster Energy Ultra Zero 500ml Can 500ml",
            "productId": "monster-energy-ultra-zero-500ml",
            "productShopPage": "https://methven.store.supervalue.co.nz/lines/monster-energy-ultra-zero-500ml",
            "productImageURL": "https://dtgxwmigmg3gc.cloudfront.net/imagery/assets/derivations/icon/512/512/true/eyJpZCI6IjE2ZDZhZmVkN2M0YjVjMzRmMjExNGJhNWQyMzhlOTQ4Iiwic3RvcmFnZSI6InB1YmxpY19zdG9yZSJ9?signature=10ef7ab522a8389710a24973bac3bd88af990f17b5da987fda62632f41e72ced",
            "productDescription": "",
            "volume": "500ml"
        },
        "priceData": {
            "bestPrice": "3.60",
            "price": "3.60",
            "pricePerLitre": 7.2,
            "bestPricePerLitre": 7.2
        },
        "store": {
            "id": "5e75ab0660b75a521800349d",
            "name": "Methven"
        }
    },
    {
        "productData": {
            "name": "Monster Energy Green 500ml",
            "productId": "monster-energy-green-500ml",
            "productShopPage": "https://methven.store.supervalue.co.nz/lines/monster-energy-green-500ml",
            "productImageURL": "https://dtgxwmigmg3gc.cloudfront.net/imagery/assets/derivations/icon/512/512/true/eyJpZCI6IjdlMWQ4YzE4OWEzYjkxOWExNTNiZDRmMGNhMjA0MGFjIiwic3RvcmFnZSI6InB1YmxpY19zdG9yZSJ9?signature=7d8e276d7131e46748c715b58473be8fec7d21f3d10abd6d108f8b0cb856d4a3",
            "productDescription": "",
            "volume": "500ml"
        },
        "priceData": {
            "bestPrice": "3.60",
            "price": "3.60",
            "pricePerLitre": 7.2,
            "bestPricePerLitre": 7.2
        },
        "store": {
            "id": "5e75ab0660b75a521800349d",
            "name": "Methven"
        }
    },
    {
        "productData": {
            "name": "Monster Energy Drink Ultra Rosa 500ml",
            "productId": "monster-energy-drink-ultra-rosa-500ml",
            "productShopPage": "https://methven.store.supervalue.co.nz/lines/monster-energy-drink-ultra-rosa-500ml",
            "productImageURL": "https://dtgxwmigmg3gc.cloudfront.net/imagery/assets/derivations/icon/512/512/true/eyJpZCI6IjBmZDhiOGI4MDk3NDYzMDI0ZGQ4OTdhYTk2ZmVmMmRiIiwic3RvcmFnZSI6InB1YmxpY19zdG9yZSJ9?signature=b524829083fd581b245f26f999cd130415f1b63b346277cf6a7a0faece216093",
            "productDescription": "",
            "volume": "500ml"
        },
        "priceData": {
            "bestPrice": "3.60",
            "price": "3.60",
            "pricePerLitre": 7.2,
            "bestPricePerLitre": 7.2
        },
        "store": {
            "id": "5e75ab0660b75a521800349d",
            "name": "Methven"
        }
    },
    {
        "productData": {
            "name": "Mother Energy Drink Berry 500ml",
            "productId": "mother-energy-drink-berry-500ml",
            "productShopPage": "https://methven.store.supervalue.co.nz/lines/mother-energy-drink-berry-500ml",
            "productImageURL": "https://dtgxwmigmg3gc.cloudfront.net/imagery/assets/derivations/icon/512/512/true/eyJpZCI6ImRhYTJlNjUzNzRjZjViNjI0ZDljNzUzNDA3YmE0ZDFkIiwic3RvcmFnZSI6InB1YmxpY19zdG9yZSJ9?signature=d9ffb465d71d599811c2ff7a788845bfe297eb3624ad7866a89cf0b3ece073f0",
            "productDescription": "",
            "volume": "500ml"
        },
        "priceData": {
            "bestPrice": "2.20",
            "price": "2.20",
            "pricePerLitre": 4.4,
            "bestPricePerLitre": 4.4
        },
        "store": {
            "id": "5e75ab0660b75a521800349d",
            "name": "Methven"
        }
    },
    {
        "productData": {
            "name": "Mother Energy Drink Black 500ml",
            "productId": "mother-energy-drink-black-500ml",
            "productShopPage": "https://methven.store.supervalue.co.nz/lines/mother-energy-drink-black-500ml",
            "productImageURL": "https://dtgxwmigmg3gc.cloudfront.net/imagery/assets/derivations/icon/512/512/true/eyJpZCI6ImYyMzA5MjhkYjg3ODFhYmYzZDU3ZjE1YjNmYzU2MWFjIiwic3RvcmFnZSI6InB1YmxpY19zdG9yZSJ9?signature=d3dbddb83d3d457075cd5d8936bef0c5b48fce4fa3fe725995d8b6d57219ceb5",
            "productDescription": "",
            "volume": "500ml"
        },
        "priceData": {
            "bestPrice": "2.20",
            "price": "2.20",
            "pricePerLitre": 4.4,
            "bestPricePerLitre": 4.4
        },
        "store": {
            "id": "5e75ab0660b75a521800349d",
            "name": "Methven"
        }
    },
    {
        "productData": {
            "name": "Mother Energy Drink Passion 500ml",
            "productId": "mother-energy-drink-passion-500ml",
            "productShopPage": "https://methven.store.supervalue.co.nz/lines/mother-energy-drink-passion-500ml",
            "productImageURL": "https://dtgxwmigmg3gc.cloudfront.net/imagery/assets/derivations/icon/512/512/true/eyJpZCI6ImFkZDQ3ZmI4MGJjMmU2ZTgxNDcxNDRhYWFmOWZkYzViIiwic3RvcmFnZSI6InB1YmxpY19zdG9yZSJ9?signature=c8aea44ce6ff965b9e87fcb9f60849b0328e9b8983b9d5547e51c910f8f5368b",
            "productDescription": "",
            "volume": "500ml"
        },
        "priceData": {
            "bestPrice": "2.20",
            "price": "2.20",
            "pricePerLitre": 4.4,
            "bestPricePerLitre": 4.4
        },
        "store": {
            "id": "5e75ab0660b75a521800349d",
            "name": "Methven"
        }
    },
    {
        "productData": {
            "name": "Mother Tropical Blast 500ml",
            "productId": "mother-tropical-blast-500ml",
            "productShopPage": "https://methven.store.supervalue.co.nz/lines/mother-tropical-blast-500ml",
            "productImageURL": "https://dtgxwmigmg3gc.cloudfront.net/imagery/assets/derivations/icon/512/512/true/eyJpZCI6IjY2ODFiOTc3MTY1OWVlZGI0YWU0ZDEwNmRkMWI3MTFmIiwic3RvcmFnZSI6InB1YmxpY19zdG9yZSJ9?signature=d1b01bfff1b3992a83da4126d87194cc3819f2c04c19ef718954650d0bb059a1",
            "productDescription": "",
            "volume": "500ml"
        },
        "priceData": {
            "bestPrice": "2.20",
            "price": "2.20",
            "pricePerLitre": 4.4,
            "bestPricePerLitre": 4.4
        },
        "store": {
            "id": "5e75ab0660b75a521800349d",
            "name": "Methven"
        }
    },
    {
        "productData": {
            "name": "Mother Epic Swell Energy Drink Twisted Apple 500ml",
            "productId": "mother-epic-swell-energy-drink-twisted-apple-500ml",
            "productShopPage": "https://methven.store.supervalue.co.nz/lines/mother-epic-swell-energy-drink-twisted-apple-500ml",
            "productImageURL": "https://dtgxwmigmg3gc.cloudfront.net/imagery/assets/derivations/icon/512/512/true/eyJpZCI6IjE3NGY3OWU3NDkwYTQ5MGE4NGFkNjYzZjVlODdjNzlmIiwic3RvcmFnZSI6InB1YmxpY19zdG9yZSJ9?signature=8b8c94eb83ff8e282e2c9309d499d02862cc0d052bea74cb186828b6e121cc4e",
            "productDescription": "",
            "volume": "500ml"
        },
        "priceData": {
            "bestPrice": "2.20",
            "price": "2.20",
            "pricePerLitre": 4.4,
            "bestPricePerLitre": 4.4
        },
        "store": {
            "id": "5e75ab0660b75a521800349d",
            "name": "Methven"
        }
    },
    {
        "productData": {
            "name": "Monster Energy Juice Mango Loco 500ml",
            "productId": "monster-energy-juice-mango-loco-500ml-can",
            "productShopPage": "https://methven.store.supervalue.co.nz/lines/monster-energy-juice-mango-loco-500ml-can",
            "productImageURL": "https://dtgxwmigmg3gc.cloudfront.net/imagery/assets/derivations/icon/512/512/true/eyJpZCI6ImFiNTMzOTMyOWEwYWQ0NzdjMjJjNjlkMzQxZTNhOGQxIiwic3RvcmFnZSI6InB1YmxpY19zdG9yZSJ9?signature=68e99f74abe4c896ded0dd7313a3b51988c1e1a783fd4322eb0d59affb53ec54",
            "productDescription": "",
            "volume": "500ml"
        },
        "priceData": {
            "bestPrice": "3.60",
            "price": "3.60",
            "pricePerLitre": 7.2,
            "bestPricePerLitre": 7.2
        },
        "store": {
            "id": "5e75ab0660b75a521800349d",
            "name": "Methven"
        }
    },
    {
        "productData": {
            "name": "V Energy Drink Guarana 500ml",
            "productId": "v-energy-drink-guarana-500ml",
            "productShopPage": "https://methven.store.supervalue.co.nz/lines/v-energy-drink-guarana-500ml",
            "productImageURL": "https://dtgxwmigmg3gc.cloudfront.net/imagery/assets/derivations/icon/512/512/true/eyJpZCI6IjgzZDAxMjhiMzg4NmEwZmE4YTE2ZjY2NWIzNmM2NzI2Iiwic3RvcmFnZSI6InB1YmxpY19zdG9yZSJ9?signature=f55ecc561066291a4e74a967db35ea2355f881bd1708bf400fd790032384ae4f",
            "productDescription": "",
            "volume": "500ml"
        },
        "priceData": {
            "bestPrice": "2.80",
            "price": "2.80",
            "pricePerLitre": 5.6,
            "bestPricePerLitre": 5.6
        },
        "store": {
            "id": "5e75ab0660b75a521800349d",
            "name": "Methven"
        }
    },
    {
        "productData": {
            "name": "V Energy Drink Sugar Free Guarana 250ml",
            "productId": "v-energy-drink-sugar-free-guarana-250ml",
            "productShopPage": "https://methven.store.supervalue.co.nz/lines/v-energy-drink-sugar-free-guarana-250ml",
            "productImageURL": "https://dtgxwmigmg3gc.cloudfront.net/imagery/assets/derivations/icon/512/512/true/eyJpZCI6ImZiNzM1NmU4NTMyZDllODlkZTljZmNlOGY2MzQ5NGQwIiwic3RvcmFnZSI6InB1YmxpY19zdG9yZSJ9?signature=72b0ce0a48ca796717c115fe5e8b4564501470f63bf80ae865d26e9d131a2b8c",
            "productDescription": "",
            "volume": "250ml"
        },
        "priceData": {
            "bestPrice": "2.40",
            "price": "2.40",
            "pricePerLitre": 9.6,
            "bestPricePerLitre": 9.6
        },
        "store": {
            "id": "5e75ab0660b75a521800349d",
            "name": "Methven"
        }
    },
    {
        "productData": {
            "name": "V Energy Drink Green Guarana 350ml",
            "productId": "v-energy-drink-green-guarana-350ml",
            "productShopPage": "https://methven.store.supervalue.co.nz/lines/v-energy-drink-green-guarana-350ml",
            "productImageURL": "https://dtgxwmigmg3gc.cloudfront.net/imagery/assets/derivations/icon/512/512/true/eyJpZCI6IjRiNjY4ZjYxOTQ2ODYyN2MzM2NiZWMyNGUyNmIyODk4Iiwic3RvcmFnZSI6InB1YmxpY19zdG9yZSJ9?signature=4cded9cb42349eef45a593461f311b1bb7fa881295733879671ad9fe9887d30c",
            "productDescription": "",
            "volume": "350ml"
        },
        "priceData": {
            "bestPrice": "4.00",
            "price": "4.00",
            "pricePerLitre": 11.428571428571429,
            "bestPricePerLitre": 11.428571428571429
        },
        "store": {
            "id": "5e75ab0660b75a521800349d",
            "name": "Methven"
        }
    },
    {
        "productData": {
            "name": "V Energy Drink Guarana Can 250ml",
            "productId": "v-energy-drink-guarana-can-250ml",
            "productShopPage": "https://methven.store.supervalue.co.nz/lines/v-energy-drink-guarana-can-250ml",
            "productImageURL": "https://dtgxwmigmg3gc.cloudfront.net/imagery/assets/derivations/icon/512/512/true/eyJpZCI6Ijc3Nzk1NjE2ZDhhNmFiMThhYzEzODYzOTg2ZmNkNzgwIiwic3RvcmFnZSI6InB1YmxpY19zdG9yZSJ9?signature=f5de1854d43e19cc62bff86893d4a55615cd916f8425a4dccd170b52eba81255",
            "productDescription": "",
            "volume": "250ml"
        },
        "priceData": {
            "bestPrice": "2.40",
            "price": "2.40",
            "pricePerLitre": 9.6,
            "bestPricePerLitre": 9.6
        },
        "store": {
            "id": "5e75ab0660b75a521800349d",
            "name": "Methven"
        }
    },
    {
        "productData": {
            "name": "V Energy Drink Guarana Can 500ml",
            "productId": "v-energy-drink-guarana-can-500ml",
            "productShopPage": "https://methven.store.supervalue.co.nz/lines/v-energy-drink-guarana-can-500ml",
            "productImageURL": "https://dtgxwmigmg3gc.cloudfront.net/imagery/assets/derivations/icon/512/512/true/eyJpZCI6ImI0NjgzNGZjNDRkMjU0MjgzYzJjZGNhMzA2NWIxYjA5Iiwic3RvcmFnZSI6InB1YmxpY19zdG9yZSJ9?signature=265e8273409849423466e7623cbbdf8352940707b8830803eec391e8f32c9c5f",
            "productDescription": "",
            "volume": "500ml"
        },
        "priceData": {
            "bestPrice": "4.00",
            "price": "4.00",
            "pricePerLitre": 8.0,
            "bestPricePerLitre": 8.0
        },
        "store": {
            "id": "5e75ab0660b75a521800349d",
            "name": "Methven"
        }
    },
    {
        "productData": {
            "name": "V Energy Drink Sugar Free Guarana 500ml",
            "productId": "v-energy-drink-sugar-free-guarana-500ml",
            "productShopPage": "https://methven.store.supervalue.co.nz/lines/v-energy-drink-sugar-free-guarana-500ml",
            "productImageURL": "https://dtgxwmigmg3gc.cloudfront.net/imagery/assets/derivations/icon/512/512/true/eyJpZCI6Ijg4MGExMDYxOTY4NTJiYzM1ZTExMmU2MGE2OWYxNDE3Iiwic3RvcmFnZSI6InB1YmxpY19zdG9yZSJ9?signature=b0536d25b9da8158705e24c88e21fabbf85c1dabc19f18108c386e956ffd7045",
            "productDescription": "",
            "volume": "500ml"
        },
        "priceData": {
            "bestPrice": "4.00",
            "price": "4.00",
            "pricePerLitre": 8.0,
            "bestPricePerLitre": 8.0
        },
        "store": {
            "id": "5e75ab0660b75a521800349d",
            "name": "Methven"
        }
    },
    {
        "productData": {
            "name": "V Blue Energy Drink Bottle 500ml",
            "productId": "v-blue-energy-drink-bottle-500ml",
            "productShopPage": "https://methven.store.supervalue.co.nz/lines/v-blue-energy-drink-bottle-500ml",
            "productImageURL": "https://dtgxwmigmg3gc.cloudfront.net/imagery/assets/derivations/icon/512/512/true/eyJpZCI6IjgyYWYxYWY4MGI4MzUxODhiYmVhZGVhM2U2NzY0MzI5Iiwic3RvcmFnZSI6InB1YmxpY19zdG9yZSJ9?signature=7e70fc576864a528a1431734d680cbf177a11b419a692dbfd34800c31b8944ec",
            "productDescription": "",
            "volume": "500ml"
        },
        "priceData": {
            "bestPrice": "2.80",
            "price": "2.80",
            "pricePerLitre": 5.6,
            "bestPricePerLitre": 5.6
        },
        "store": {
            "id": "5e75ab0660b75a521800349d",
            "name": "Methven"
        }
    },
    {
        "productData": {
            "name": "V Blue Sugarfree Energy Drink 500ml",
            "productId": "v-blue-sugarfree-energy-drink-500ml",
            "productShopPage": "https://methven.store.supervalue.co.nz/lines/v-blue-sugarfree-energy-drink-500ml",
            "productImageURL": "https://dtgxwmigmg3gc.cloudfront.net/imagery/assets/derivations/icon/512/512/true/eyJpZCI6ImVmYjQyOWRmM2JjZjc3NTY1ZDIwMTEyNTY0MDdmZjA1Iiwic3RvcmFnZSI6InB1YmxpY19zdG9yZSJ9?signature=2911d59474d8305039a3be3bef0f887c38d9ab84596314b13cc4b150101175ab",
            "productDescription": "",
            "volume": "500ml"
        },
        "priceData": {
            "bestPrice": "4.00",
            "price": "4.00",
            "pricePerLitre": 8.0,
            "bestPricePerLitre": 8.0
        },
        "store": {
            "id": "5e75ab0660b75a521800349d",
            "name": "Methven"
        }
    },
    {
        "productData": {
            "name": "V Blue Energy Drink Blue Guarana Can 250ml",
            "productId": "v-blue-energy-drink-blue-guarana-can-250ml",
            "productShopPage": "https://methven.store.supervalue.co.nz/lines/v-blue-energy-drink-blue-guarana-can-250ml",
            "productImageURL": "https://dtgxwmigmg3gc.cloudfront.net/imagery/assets/derivations/icon/512/512/true/eyJpZCI6IjBmZjQwNDEyZWQ2ZDk4YTg3YWQ2ZDUyMWZlNjM1YzJkIiwic3RvcmFnZSI6InB1YmxpY19zdG9yZSJ9?signature=8f745abe5614ec47b3d7a07f1a34ba529184a87b2a696211ba5a0f9f29c86bf0",
            "productDescription": "",
            "volume": "250ml"
        },
        "priceData": {
            "bestPrice": "2.40",
            "price": "2.40",
            "pricePerLitre": 9.6,
            "bestPricePerLitre": 9.6
        },
        "store": {
            "id": "5e75ab0660b75a521800349d",
            "name": "Methven"
        }
    },
    {
        "productData": {
            "name": "V Blue Energy Drink Blue Guarana Can 500ml",
            "productId": "v-blue-energy-drink-blue-guarana-can-500ml",
            "productShopPage": "https://methven.store.supervalue.co.nz/lines/v-blue-energy-drink-blue-guarana-can-500ml",
            "productImageURL": "https://dtgxwmigmg3gc.cloudfront.net/imagery/assets/derivations/icon/512/512/true/eyJpZCI6ImFmYjEyYjVjYTU2YWI5ZDJhMTVmNGY2MDg2NWFlNzgxIiwic3RvcmFnZSI6InB1YmxpY19zdG9yZSJ9?signature=b537a8cc5a2c0f90f1702b2c541db44c3a740a0ec4a96e92ab2d6537f9320e8d",
            "productDescription": "",
            "volume": "500ml"
        },
        "priceData": {
            "bestPrice": "4.00",
            "price": "4.00",
            "pricePerLitre": 8.0,
            "bestPricePerLitre": 8.0
        },
        "store": {
            "id": "5e75ab0660b75a521800349d",
            "name": "Methven"
        }
    },
    {
        "productData": {
            "name": "Monster Mule Energy Drink 500ml",
            "productId": "monster-mule-ginger-brew-500ml",
            "productShopPage": "https://methven.store.supervalue.co.nz/lines/monster-mule-ginger-brew-500ml",
            "productImageURL": "https://dtgxwmigmg3gc.cloudfront.net/imagery/assets/derivations/icon/512/512/true/eyJpZCI6ImM1OTM5MTIyZTRlNmNhNzk0ODFlMDE4ZWVmMWE2Y2ZlIiwic3RvcmFnZSI6InB1YmxpY19zdG9yZSJ9?signature=5d11287f30ef58c148e37382d61c0d83097d5461683a9aa5dd9456941c1f32e5",
            "productDescription": "",
            "volume": "500ml"
        },
        "priceData": {
            "bestPrice": "3.60",
            "price": "3.60",
            "pricePerLitre": 7.2,
            "bestPricePerLitre": 7.2
        },
        "store": {
            "id": "5e75ab0660b75a521800349d",
            "name": "Methven"
        }
    },
    {
        "productData": {
            "name": "Monster Energy Pipeline Punch 500ml",
            "productId": "monster-energy-pipeline-punch-500ml",
            "productShopPage": "https://methven.store.supervalue.co.nz/lines/monster-energy-pipeline-punch-500ml",
            "productImageURL": "https://dtgxwmigmg3gc.cloudfront.net/imagery/assets/derivations/icon/512/512/true/eyJpZCI6IjBhODJhZGNkMWY5YThiMWQ5ZjY0YjRjNGE0YWQwMzMxIiwic3RvcmFnZSI6InB1YmxpY19zdG9yZSJ9?signature=7a4880545cb059c8f06a41c671fb0785b7cddf3903741ed2f081d6bcf2e5189f",
            "productDescription": "",
            "volume": "500ml"
        },
        "priceData": {
            "bestPrice": "3.60",
            "price": "3.60",
            "pricePerLitre": 7.2,
            "bestPricePerLitre": 7.2
        },
        "store": {
            "id": "5e75ab0660b75a521800349d",
            "name": "Methven"
        }
    },
    {
        "productData": {
            "name": "V Guarana Energy Drink Blue Sugarfree 250ml",
            "productId": "v-blue-sugarfree-energy-drink-250ml",
            "productShopPage": "https://methven.store.supervalue.co.nz/lines/v-blue-sugarfree-energy-drink-250ml",
            "productImageURL": "https://dtgxwmigmg3gc.cloudfront.net/imagery/assets/derivations/icon/512/512/true/eyJpZCI6IjI3YWJiOTVhYjNhMjEwMDU2MWJhMmRhNTM3YjRhZjVmIiwic3RvcmFnZSI6InB1YmxpY19zdG9yZSJ9?signature=66769306ca1d0ba674603954d338186dc999f6d1839090d49fde9416b3252365",
            "productDescription": "",
            "volume": "250ml"
        },
        "priceData": {
            "bestPrice": "2.40",
            "price": "2.40",
            "pricePerLitre": 9.6,
            "bestPricePerLitre": 9.6
        },
        "store": {
            "id": "5e75ab0660b75a521800349d",
            "name": "Methven"
        }
    },
    {
        "productData": {
            "name": "Rockstar Punched Energy Guava 500ml",
            "productId": "rockstar-punched-energy-guava-500ml",
            "productShopPage": "https://methven.store.supervalue.co.nz/lines/rockstar-punched-energy-guava-500ml",
            "productImageURL": "https://dtgxwmigmg3gc.cloudfront.net/imagery/assets/derivations/icon/512/512/true/eyJpZCI6ImEzMDQwMDA1ZTlmNTRmNTczMTYzMDE1Yjk2NTFmZDIxIiwic3RvcmFnZSI6InB1YmxpY19zdG9yZSJ9?signature=bfb6b62e0f648da1212eb37234f40b47cf3251c956e2d837473e2acee3a5a4ef",
            "productDescription": "",
            "volume": "500ml"
        },
        "priceData": {
            "bestPrice": "2.20",
            "price": "2.20",
            "pricePerLitre": 4.4,
            "bestPricePerLitre": 4.4
        },
        "store": {
            "id": "5e75ab0660b75a521800349d",
            "name": "Methven"
        }
    },
    {
        "productData": {
            "name": "Live Plus Energy Drink Sugar Free Citrus Flavour 250ml",
            "productId": "live-plus-zero-sug-citrus-500ml",
            "productShopPage": "https://methven.store.supervalue.co.nz/lines/live-plus-zero-sug-citrus-500ml",
            "productImageURL": "https://dtgxwmigmg3gc.cloudfront.net/imagery/assets/derivations/icon/512/512/true/eyJpZCI6IjhkZGE2ODE2ZDc4Y2E5MmUxZTQ3YjAxOWExZjNlMTU5Iiwic3RvcmFnZSI6InB1YmxpY19zdG9yZSJ9?signature=ab72ec55544855bdd6eb188264cd302aac7f6bc747af365b1624653223d6953d",
            "productDescription": "",
            "volume": "250ml"
        },
        "priceData": {
            "bestPrice": "2.20",
            "price": "2.20",
            "pricePerLitre": 8.8,
            "bestPricePerLitre": 8.8
        },
        "store": {
            "id": "5e75ab0660b75a521800349d",
            "name": "Methven"
        }
    },
    {
        "productData": {
            "name": "Monster Ultra Fiesta Energy 500ml",
            "productId": "monster-ultra-fiesta-energy-500ml",
            "productShopPage": "https://methven.store.supervalue.co.nz/lines/monster-ultra-fiesta-energy-500ml",
            "productImageURL": "https://dtgxwmigmg3gc.cloudfront.net/imagery/assets/derivations/icon/512/512/true/eyJpZCI6Ijg5N2U0MTUxNjJmNzU3MDA2MjQ3MGU2OWU5NWVhMzY2LmpwZyIsInN0b3JhZ2UiOiJwdWJsaWNfc3RvcmUifQ?signature=b5e95acb1f97789b134681678c5ac2a1847e8d33e7fad84f9ec384b4f5b59496",
            "productDescription": "",
            "volume": "500ml"
        },
        "priceData": {
            "bestPrice": "3.60",
            "price": "3.60",
            "pricePerLitre": 7.2,
            "bestPricePerLitre": 7.2
        },
        "store": {
            "id": "5e75ab0660b75a521800349d",
            "name": "Methven"
        }
    },
    {
        "productData": {
            "name": "Monster Super Fuel Tropical Thunder 550ml",
            "productId": "monster-super-fuel-tropical-thunder-550ml",
            "productShopPage": "https://methven.store.supervalue.co.nz/lines/monster-super-fuel-tropical-thunder-550ml",
            "productImageURL": "https://dtgxwmigmg3gc.cloudfront.net/imagery/assets/derivations/icon/512/512/true/eyJpZCI6ImU1MDMwZGIyMGNiOTQ2NWRlMWY3OWVkYmMxNGI4Zjg2Iiwic3RvcmFnZSI6InB1YmxpY19zdG9yZSJ9?signature=edda4faf145060b78b7a826b3d26392e4283e9f7f22cebee6de6f90f70d215de",
            "productDescription": "",
            "volume": "550ml"
        },
        "priceData": {
            "bestPrice": "4.70",
            "price": "4.70",
            "pricePerLitre": 8.545454545454545,
            "bestPricePerLitre": 8.545454545454545
        },
        "store": {
            "id": "5e75ab0660b75a521800349d",
            "name": "Methven"
        }
    },
    {
        "productData": {
            "name": "V Refresh Energy Drink Citrus Lemonade 500ml Can 500ml",
            "productId": "v-refresh-energy-drink-citrus-lemonade-500ml-can-500ml",
            "productShopPage": "https://milton.store.supervalue.co.nz/lines/v-refresh-energy-drink-citrus-lemonade-500ml-can-500ml",
            "productImageURL": "https://dtgxwmigmg3gc.cloudfront.net/imagery/assets/derivations/icon/512/512/true/eyJpZCI6IjVlN2QyZDg4OTlkNWVhZDc1OTM3YzEwZDgwOTg1NjJmIiwic3RvcmFnZSI6InB1YmxpY19zdG9yZSJ9?signature=35586a0457373f804173605ba7f35fb0b256a119e67175911e869a6f42785c11",
            "productDescription": "",
            "volume": "500ml"
        },
        "priceData": {
            "bestPrice": "3.30",
            "price": "3.30",
            "pricePerLitre": 6.6,
            "bestPricePerLitre": 6.6
        },
        "store": {
            "id": "5e75aaa26d8e6910a300272c",
            "name": "Milton"
        }
    },
    {
        "productData": {
            "name": "V Refresh Energy Drink Pineapple Watermelon 500ml Can 500ml",
            "productId": "v-refresh-energy-drink-pineapple-watermelon-500ml-can-500ml",
            "productShopPage": "https://milton.store.supervalue.co.nz/lines/v-refresh-energy-drink-pineapple-watermelon-500ml-can-500ml",
            "productImageURL": "https://dtgxwmigmg3gc.cloudfront.net/imagery/assets/derivations/icon/512/512/true/eyJpZCI6IjgzMTBmY2EwMzFkODkxOTAxNDFmYWNhMjZhZmFlZTI0Iiwic3RvcmFnZSI6InB1YmxpY19zdG9yZSJ9?signature=2062a73b018e86e0e6858a08c9fea597971ea894ef5eee6cfb310bcaa3201c6f",
            "productDescription": "",
            "volume": "500ml"
        },
        "priceData": {
            "bestPrice": "3.30",
            "price": "3.30",
            "pricePerLitre": 6.6,
            "bestPricePerLitre": 6.6
        },
        "store": {
            "id": "5e75aaa26d8e6910a300272c",
            "name": "Milton"
        }
    },
    {
        "productData": {
            "name": "Monster Energy Drink Ultra Gold 500ml",
            "productId": "monster-energy-drink-ultra-gold-500ml",
            "productShopPage": "https://milton.store.supervalue.co.nz/lines/monster-energy-drink-ultra-gold-500ml",
            "productImageURL": "https://dtgxwmigmg3gc.cloudfront.net/imagery/assets/derivations/icon/512/512/true/eyJpZCI6ImM3MmEwNWIyMjE0YTAzMjcyNzFhYjMyZTI4Zjk4MGFhIiwic3RvcmFnZSI6InB1YmxpY19zdG9yZSJ9?signature=b4f295a92992569de94ae4176268ca4a850af7b8377f28e19d8ddb65e0e09cc2",
            "productDescription": "",
            "volume": "500ml"
        },
        "priceData": {
            "bestPrice": "3.00",
            "price": "3.00",
            "pricePerLitre": 6.0,
            "bestPricePerLitre": 6.0
        },
        "store": {
            "id": "5e75aaa26d8e6910a300272c",
            "name": "Milton"
        }
    },
    {
        "productData": {
            "name": "Mother Kicked Apple 500ml",
            "productId": "mother-kicked-apple-500ml",
            "productShopPage": "https://milton.store.supervalue.co.nz/lines/mother-kicked-apple-500ml",
            "productImageURL": "https://dtgxwmigmg3gc.cloudfront.net/imagery/assets/derivations/icon/512/512/true/eyJpZCI6IjNhZTlkYjkwYTM4MDFjMGEwYjUwYThhMDAwYjkyZjM0Iiwic3RvcmFnZSI6InB1YmxpY19zdG9yZSJ9?signature=c1a1db0a5d7b074c388cf08560fd44a4a2b6127821554198e54eeea8474325f6",
            "productDescription": "",
            "volume": "500ml"
        },
        "priceData": {
            "bestPrice": "3.20",
            "price": "3.20",
            "pricePerLitre": 6.4,
            "bestPricePerLitre": 6.4
        },
        "store": {
            "id": "5e75aaa26d8e6910a300272c",
            "name": "Milton"
        }
    },
    {
        "productData": {
            "name": "Monster Energy Drink Ultra Paradise 500ml",
            "productId": "monster-energy-drink-ultra-paradise-500ml",
            "productShopPage": "https://milton.store.supervalue.co.nz/lines/monster-energy-drink-ultra-paradise-500ml",
            "productImageURL": "https://dtgxwmigmg3gc.cloudfront.net/imagery/assets/derivations/icon/512/512/true/eyJpZCI6IjU3ZTFkM2FiYTM1NTE5MjBjNGY3YWQ1MDlmN2JiM2FiIiwic3RvcmFnZSI6InB1YmxpY19zdG9yZSJ9?signature=f112dbd2da966f41ee31deb58894dec2d4e327e223dcd676069650d679f43cb5",
            "productDescription": "",
            "volume": "500ml"
        },
        "priceData": {
            "bestPrice": "3.60",
            "price": "3.60",
            "pricePerLitre": 7.2,
            "bestPricePerLitre": 7.2
        },
        "store": {
            "id": "5e75aaa26d8e6910a300272c",
            "name": "Milton"
        }
    },
    {
        "productData": {
            "name": "Monster Energy Ultra Zero 500ml Can 500ml",
            "productId": "monster-energy-ultra-zero-500ml",
            "productShopPage": "https://milton.store.supervalue.co.nz/lines/monster-energy-ultra-zero-500ml",
            "productImageURL": "https://dtgxwmigmg3gc.cloudfront.net/imagery/assets/derivations/icon/512/512/true/eyJpZCI6IjE2ZDZhZmVkN2M0YjVjMzRmMjExNGJhNWQyMzhlOTQ4Iiwic3RvcmFnZSI6InB1YmxpY19zdG9yZSJ9?signature=10ef7ab522a8389710a24973bac3bd88af990f17b5da987fda62632f41e72ced",
            "productDescription": "",
            "volume": "500ml"
        },
        "priceData": {
            "bestPrice": "3.60",
            "price": "3.60",
            "pricePerLitre": 7.2,
            "bestPricePerLitre": 7.2
        },
        "store": {
            "id": "5e75aaa26d8e6910a300272c",
            "name": "Milton"
        }
    },
    {
        "productData": {
            "name": "Monster Energy Green 500ml",
            "productId": "monster-energy-green-500ml",
            "productShopPage": "https://milton.store.supervalue.co.nz/lines/monster-energy-green-500ml",
            "productImageURL": "https://dtgxwmigmg3gc.cloudfront.net/imagery/assets/derivations/icon/512/512/true/eyJpZCI6IjA2ZTdhN2Y1NWUxNjJiNDVhZTUzZWI2OTc4YThlMTYzIiwic3RvcmFnZSI6InB1YmxpY19zdG9yZSJ9?signature=8257328849276057c7b77a9c76691580f7fdb61d49af913328da323dc4d13f0e",
            "productDescription": "",
            "volume": "500ml"
        },
        "priceData": {
            "bestPrice": "3.60",
            "price": "3.60",
            "pricePerLitre": 7.2,
            "bestPricePerLitre": 7.2
        },
        "store": {
            "id": "5e75aaa26d8e6910a300272c",
            "name": "Milton"
        }
    },
    {
        "productData": {
            "name": "Monster Energy Drink Ultra Rosa 500ml",
            "productId": "monster-energy-drink-ultra-rosa-500ml",
            "productShopPage": "https://milton.store.supervalue.co.nz/lines/monster-energy-drink-ultra-rosa-500ml",
            "productImageURL": "https://dtgxwmigmg3gc.cloudfront.net/imagery/assets/derivations/icon/512/512/true/eyJpZCI6IjBmZDhiOGI4MDk3NDYzMDI0ZGQ4OTdhYTk2ZmVmMmRiIiwic3RvcmFnZSI6InB1YmxpY19zdG9yZSJ9?signature=b524829083fd581b245f26f999cd130415f1b63b346277cf6a7a0faece216093",
            "productDescription": "",
            "volume": "500ml"
        },
        "priceData": {
            "bestPrice": "3.60",
            "price": "3.60",
            "pricePerLitre": 7.2,
            "bestPricePerLitre": 7.2
        },
        "store": {
            "id": "5e75aaa26d8e6910a300272c",
            "name": "Milton"
        }
    },
    {
        "productData": {
            "name": "Mother Energy Drink Berry 500ml",
            "productId": "mother-energy-drink-berry-500ml",
            "productShopPage": "https://milton.store.supervalue.co.nz/lines/mother-energy-drink-berry-500ml",
            "productImageURL": "https://dtgxwmigmg3gc.cloudfront.net/imagery/assets/derivations/icon/512/512/true/eyJpZCI6ImRhYTJlNjUzNzRjZjViNjI0ZDljNzUzNDA3YmE0ZDFkIiwic3RvcmFnZSI6InB1YmxpY19zdG9yZSJ9?signature=d9ffb465d71d599811c2ff7a788845bfe297eb3624ad7866a89cf0b3ece073f0",
            "productDescription": "",
            "volume": "500ml"
        },
        "priceData": {
            "bestPrice": "3.20",
            "price": "3.20",
            "pricePerLitre": 6.4,
            "bestPricePerLitre": 6.4
        },
        "store": {
            "id": "5e75aaa26d8e6910a300272c",
            "name": "Milton"
        }
    },
    {
        "productData": {
            "name": "Mother Energy Drink Black 500ml",
            "productId": "mother-energy-drink-black-500ml",
            "productShopPage": "https://milton.store.supervalue.co.nz/lines/mother-energy-drink-black-500ml",
            "productImageURL": "https://dtgxwmigmg3gc.cloudfront.net/imagery/assets/derivations/icon/512/512/true/eyJpZCI6ImYyMzA5MjhkYjg3ODFhYmYzZDU3ZjE1YjNmYzU2MWFjIiwic3RvcmFnZSI6InB1YmxpY19zdG9yZSJ9?signature=d3dbddb83d3d457075cd5d8936bef0c5b48fce4fa3fe725995d8b6d57219ceb5",
            "productDescription": "",
            "volume": "500ml"
        },
        "priceData": {
            "bestPrice": "3.20",
            "price": "3.20",
            "pricePerLitre": 6.4,
            "bestPricePerLitre": 6.4
        },
        "store": {
            "id": "5e75aaa26d8e6910a300272c",
            "name": "Milton"
        }
    },
    {
        "productData": {
            "name": "Mother Energy Drink Passion 500ml",
            "productId": "mother-energy-drink-passion-500ml",
            "productShopPage": "https://milton.store.supervalue.co.nz/lines/mother-energy-drink-passion-500ml",
            "productImageURL": "https://dtgxwmigmg3gc.cloudfront.net/imagery/assets/derivations/icon/512/512/true/eyJpZCI6ImFkZDQ3ZmI4MGJjMmU2ZTgxNDcxNDRhYWFmOWZkYzViIiwic3RvcmFnZSI6InB1YmxpY19zdG9yZSJ9?signature=c8aea44ce6ff965b9e87fcb9f60849b0328e9b8983b9d5547e51c910f8f5368b",
            "productDescription": "",
            "volume": "500ml"
        },
        "priceData": {
            "bestPrice": "3.20",
            "price": "3.20",
            "pricePerLitre": 6.4,
            "bestPricePerLitre": 6.4
        },
        "store": {
            "id": "5e75aaa26d8e6910a300272c",
            "name": "Milton"
        }
    },
    {
        "productData": {
            "name": "Mother Tropical Blast 500ml",
            "productId": "mother-tropical-blast-500ml",
            "productShopPage": "https://milton.store.supervalue.co.nz/lines/mother-tropical-blast-500ml",
            "productImageURL": "https://dtgxwmigmg3gc.cloudfront.net/imagery/assets/derivations/icon/512/512/true/eyJpZCI6IjY2ODFiOTc3MTY1OWVlZGI0YWU0ZDEwNmRkMWI3MTFmIiwic3RvcmFnZSI6InB1YmxpY19zdG9yZSJ9?signature=d1b01bfff1b3992a83da4126d87194cc3819f2c04c19ef718954650d0bb059a1",
            "productDescription": "",
            "volume": "500ml"
        },
        "priceData": {
            "bestPrice": "3.20",
            "price": "3.20",
            "pricePerLitre": 6.4,
            "bestPricePerLitre": 6.4
        },
        "store": {
            "id": "5e75aaa26d8e6910a300272c",
            "name": "Milton"
        }
    },
    {
        "productData": {
            "name": "Mother Epic Swell Energy Drink Twisted Apple 500ml",
            "productId": "mother-epic-swell-energy-drink-twisted-apple-500ml",
            "productShopPage": "https://milton.store.supervalue.co.nz/lines/mother-epic-swell-energy-drink-twisted-apple-500ml",
            "productImageURL": "https://dtgxwmigmg3gc.cloudfront.net/imagery/assets/derivations/icon/512/512/true/eyJpZCI6IjE3NGY3OWU3NDkwYTQ5MGE4NGFkNjYzZjVlODdjNzlmIiwic3RvcmFnZSI6InB1YmxpY19zdG9yZSJ9?signature=8b8c94eb83ff8e282e2c9309d499d02862cc0d052bea74cb186828b6e121cc4e",
            "productDescription": "",
            "volume": "500ml"
        },
        "priceData": {
            "bestPrice": "3.20",
            "price": "3.20",
            "pricePerLitre": 6.4,
            "bestPricePerLitre": 6.4
        },
        "store": {
            "id": "5e75aaa26d8e6910a300272c",
            "name": "Milton"
        }
    },
    {
        "productData": {
            "name": "Monster Energy Juice Mango Loco 500ml",
            "productId": "monster-energy-juice-mango-loco-500ml-can",
            "productShopPage": "https://milton.store.supervalue.co.nz/lines/monster-energy-juice-mango-loco-500ml-can",
            "productImageURL": "https://dtgxwmigmg3gc.cloudfront.net/imagery/assets/derivations/icon/512/512/true/eyJpZCI6ImFiNTMzOTMyOWEwYWQ0NzdjMjJjNjlkMzQxZTNhOGQxIiwic3RvcmFnZSI6InB1YmxpY19zdG9yZSJ9?signature=68e99f74abe4c896ded0dd7313a3b51988c1e1a783fd4322eb0d59affb53ec54",
            "productDescription": "",
            "volume": "500ml"
        },
        "priceData": {
            "bestPrice": "3.60",
            "price": "3.60",
            "pricePerLitre": 7.2,
            "bestPricePerLitre": 7.2
        },
        "store": {
            "id": "5e75aaa26d8e6910a300272c",
            "name": "Milton"
        }
    },
    {
        "productData": {
            "name": "V Energy Drink Guarana 500ml",
            "productId": "v-energy-drink-guarana-500ml",
            "productShopPage": "https://milton.store.supervalue.co.nz/lines/v-energy-drink-guarana-500ml",
            "productImageURL": "https://dtgxwmigmg3gc.cloudfront.net/imagery/assets/derivations/icon/512/512/true/eyJpZCI6IjgzZDAxMjhiMzg4NmEwZmE4YTE2ZjY2NWIzNmM2NzI2Iiwic3RvcmFnZSI6InB1YmxpY19zdG9yZSJ9?signature=f55ecc561066291a4e74a967db35ea2355f881bd1708bf400fd790032384ae4f",
            "productDescription": "",
            "volume": "500ml"
        },
        "priceData": {
            "bestPrice": "2.80",
            "price": "2.80",
            "pricePerLitre": 5.6,
            "bestPricePerLitre": 5.6
        },
        "store": {
            "id": "5e75aaa26d8e6910a300272c",
            "name": "Milton"
        }
    },
    {
        "productData": {
            "name": "V Energy Drink Sugarfree 500ml",
            "productId": "v-energy-drink-sugarfree-500ml",
            "productShopPage": "https://milton.store.supervalue.co.nz/lines/v-energy-drink-sugarfree-500ml",
            "productImageURL": "https://dtgxwmigmg3gc.cloudfront.net/imagery/assets/derivations/icon/512/512/true/eyJpZCI6ImVkZTAxNTNmMDI1NmU1NDZjNWQ5MTc3MjE3ZTQ3YTQ0Iiwic3RvcmFnZSI6InB1YmxpY19zdG9yZSJ9?signature=abcf72d9faa9ee3044eaa3b7ee0bf9b4fd8f582379018d8727f2234b7d3f3c85",
            "productDescription": "",
            "volume": "500ml"
        },
        "priceData": {
            "bestPrice": "2.80",
            "price": "2.80",
            "pricePerLitre": 5.6,
            "bestPricePerLitre": 5.6
        },
        "store": {
            "id": "5e75aaa26d8e6910a300272c",
            "name": "Milton"
        }
    },
    {
        "productData": {
            "name": "V Energy Drink Sugar Free Guarana 250ml",
            "productId": "v-energy-drink-sugar-free-guarana-250ml",
            "productShopPage": "https://milton.store.supervalue.co.nz/lines/v-energy-drink-sugar-free-guarana-250ml",
            "productImageURL": "https://dtgxwmigmg3gc.cloudfront.net/imagery/assets/derivations/icon/512/512/true/eyJpZCI6ImZiNzM1NmU4NTMyZDllODlkZTljZmNlOGY2MzQ5NGQwIiwic3RvcmFnZSI6InB1YmxpY19zdG9yZSJ9?signature=72b0ce0a48ca796717c115fe5e8b4564501470f63bf80ae865d26e9d131a2b8c",
            "productDescription": "",
            "volume": "250ml"
        },
        "priceData": {
            "bestPrice": "2.40",
            "price": "2.40",
            "pricePerLitre": 9.6,
            "bestPricePerLitre": 9.6
        },
        "store": {
            "id": "5e75aaa26d8e6910a300272c",
            "name": "Milton"
        }
    },
    {
        "productData": {
            "name": "V Energy Drink Blue Guarana Spritzed 350ml",
            "productId": "v-blue-energy-drink-blue-guarana-spritzed-350ml",
            "productShopPage": "https://milton.store.supervalue.co.nz/lines/v-blue-energy-drink-blue-guarana-spritzed-350ml",
            "productImageURL": "https://dtgxwmigmg3gc.cloudfront.net/imagery/assets/derivations/icon/512/512/true/eyJpZCI6ImY2OTRlZGI4NjdlNWMzZDM5NzgzMDQ0ODFkMzUxZGZiIiwic3RvcmFnZSI6InB1YmxpY19zdG9yZSJ9?signature=591b3079cb9c2407a29b3bc348eaf42dc1d34daba5c9d7aba65be654725b6719",
            "productDescription": "",
            "volume": "350ml"
        },
        "priceData": {
            "bestPrice": "4.00",
            "price": "4.00",
            "pricePerLitre": 11.428571428571429,
            "bestPricePerLitre": 11.428571428571429
        },
        "store": {
            "id": "5e75aaa26d8e6910a300272c",
            "name": "Milton"
        }
    },
    {
        "productData": {
            "name": "V Energy Drink Green Guarana 350ml",
            "productId": "v-energy-drink-green-guarana-350ml",
            "productShopPage": "https://milton.store.supervalue.co.nz/lines/v-energy-drink-green-guarana-350ml",
            "productImageURL": "https://dtgxwmigmg3gc.cloudfront.net/imagery/assets/derivations/icon/512/512/true/eyJpZCI6IjRiNjY4ZjYxOTQ2ODYyN2MzM2NiZWMyNGUyNmIyODk4Iiwic3RvcmFnZSI6InB1YmxpY19zdG9yZSJ9?signature=4cded9cb42349eef45a593461f311b1bb7fa881295733879671ad9fe9887d30c",
            "productDescription": "",
            "volume": "350ml"
        },
        "priceData": {
            "bestPrice": "4.00",
            "price": "4.00",
            "pricePerLitre": 11.428571428571429,
            "bestPricePerLitre": 11.428571428571429
        },
        "store": {
            "id": "5e75aaa26d8e6910a300272c",
            "name": "Milton"
        }
    },
    {
        "productData": {
            "name": "V Energy Drink Guarana Can 250ml",
            "productId": "v-energy-drink-guarana-can-250ml",
            "productShopPage": "https://milton.store.supervalue.co.nz/lines/v-energy-drink-guarana-can-250ml",
            "productImageURL": "https://dtgxwmigmg3gc.cloudfront.net/imagery/assets/derivations/icon/512/512/true/eyJpZCI6Ijc3Nzk1NjE2ZDhhNmFiMThhYzEzODYzOTg2ZmNkNzgwIiwic3RvcmFnZSI6InB1YmxpY19zdG9yZSJ9?signature=f5de1854d43e19cc62bff86893d4a55615cd916f8425a4dccd170b52eba81255",
            "productDescription": "",
            "volume": "250ml"
        },
        "priceData": {
            "bestPrice": "2.40",
            "price": "2.40",
            "pricePerLitre": 9.6,
            "bestPricePerLitre": 9.6
        },
        "store": {
            "id": "5e75aaa26d8e6910a300272c",
            "name": "Milton"
        }
    },
    {
        "productData": {
            "name": "V Energy Drink Guarana Can 500ml",
            "productId": "v-energy-drink-guarana-can-500ml",
            "productShopPage": "https://milton.store.supervalue.co.nz/lines/v-energy-drink-guarana-can-500ml",
            "productImageURL": "https://dtgxwmigmg3gc.cloudfront.net/imagery/assets/derivations/icon/512/512/true/eyJpZCI6ImI0NjgzNGZjNDRkMjU0MjgzYzJjZGNhMzA2NWIxYjA5Iiwic3RvcmFnZSI6InB1YmxpY19zdG9yZSJ9?signature=265e8273409849423466e7623cbbdf8352940707b8830803eec391e8f32c9c5f",
            "productDescription": "",
            "volume": "500ml"
        },
        "priceData": {
            "bestPrice": "4.00",
            "price": "4.00",
            "pricePerLitre": 8.0,
            "bestPricePerLitre": 8.0
        },
        "store": {
            "id": "5e75aaa26d8e6910a300272c",
            "name": "Milton"
        }
    },
    {
        "productData": {
            "name": "V Energy Drink Raspberry Lemonade 350ml",
            "productId": "v-energy-drink-raspberry-lemonade-350ml",
            "productShopPage": "https://milton.store.supervalue.co.nz/lines/v-energy-drink-raspberry-lemonade-350ml",
            "productImageURL": "https://dtgxwmigmg3gc.cloudfront.net/imagery/assets/derivations/icon/512/512/true/eyJpZCI6IjliNWMwMGJkN2IxYWRhY2UxNzU5NzY1ZTI4MjUzZDgyIiwic3RvcmFnZSI6InB1YmxpY19zdG9yZSJ9?signature=1813e587f3636e394a15aa9e19234f9343024a6880220b0dda0a5d69b1f1c010",
            "productDescription": "",
            "volume": "350ml"
        },
        "priceData": {
            "bestPrice": "4.00",
            "price": "4.00",
            "pricePerLitre": 11.428571428571429,
            "bestPricePerLitre": 11.428571428571429
        },
        "store": {
            "id": "5e75aaa26d8e6910a300272c",
            "name": "Milton"
        }
    },
    {
        "productData": {
            "name": "V Energy Drink Sugar Free Guarana 500ml",
            "productId": "v-energy-drink-sugar-free-guarana-500ml",
            "productShopPage": "https://milton.store.supervalue.co.nz/lines/v-energy-drink-sugar-free-guarana-500ml",
            "productImageURL": "https://dtgxwmigmg3gc.cloudfront.net/imagery/assets/derivations/icon/512/512/true/eyJpZCI6Ijg4MGExMDYxOTY4NTJiYzM1ZTExMmU2MGE2OWYxNDE3Iiwic3RvcmFnZSI6InB1YmxpY19zdG9yZSJ9?signature=b0536d25b9da8158705e24c88e21fabbf85c1dabc19f18108c386e956ffd7045",
            "productDescription": "",
            "volume": "500ml"
        },
        "priceData": {
            "bestPrice": "4.00",
            "price": "4.00",
            "pricePerLitre": 8.0,
            "bestPricePerLitre": 8.0
        },
        "store": {
            "id": "5e75aaa26d8e6910a300272c",
            "name": "Milton"
        }
    },
    {
        "productData": {
            "name": "V Blue Energy Drink Bottle 500ml",
            "productId": "v-blue-energy-drink-bottle-500ml",
            "productShopPage": "https://milton.store.supervalue.co.nz/lines/v-blue-energy-drink-bottle-500ml",
            "productImageURL": "https://dtgxwmigmg3gc.cloudfront.net/imagery/assets/derivations/icon/512/512/true/eyJpZCI6IjgyYWYxYWY4MGI4MzUxODhiYmVhZGVhM2U2NzY0MzI5Iiwic3RvcmFnZSI6InB1YmxpY19zdG9yZSJ9?signature=7e70fc576864a528a1431734d680cbf177a11b419a692dbfd34800c31b8944ec",
            "productDescription": "",
            "volume": "500ml"
        },
        "priceData": {
            "bestPrice": "2.80",
            "price": "2.80",
            "pricePerLitre": 5.6,
            "bestPricePerLitre": 5.6
        },
        "store": {
            "id": "5e75aaa26d8e6910a300272c",
            "name": "Milton"
        }
    },
    {
        "productData": {
            "name": "V Blue Sugarfree Energy Drink 500ml",
            "productId": "v-blue-sugarfree-energy-drink-500ml",
            "productShopPage": "https://milton.store.supervalue.co.nz/lines/v-blue-sugarfree-energy-drink-500ml",
            "productImageURL": "https://dtgxwmigmg3gc.cloudfront.net/imagery/assets/derivations/icon/512/512/true/eyJpZCI6ImVmYjQyOWRmM2JjZjc3NTY1ZDIwMTEyNTY0MDdmZjA1Iiwic3RvcmFnZSI6InB1YmxpY19zdG9yZSJ9?signature=2911d59474d8305039a3be3bef0f887c38d9ab84596314b13cc4b150101175ab",
            "productDescription": "",
            "volume": "500ml"
        },
        "priceData": {
            "bestPrice": "4.00",
            "price": "4.00",
            "pricePerLitre": 8.0,
            "bestPricePerLitre": 8.0
        },
        "store": {
            "id": "5e75aaa26d8e6910a300272c",
            "name": "Milton"
        }
    },
    {
        "productData": {
            "name": "V Raspberry Lemonade Energy Drink 500ml",
            "productId": "v-energy-drink-raspberry-lemonade-500ml-can",
            "productShopPage": "https://milton.store.supervalue.co.nz/lines/v-energy-drink-raspberry-lemonade-500ml-can",
            "productImageURL": "https://dtgxwmigmg3gc.cloudfront.net/imagery/assets/derivations/icon/512/512/true/eyJpZCI6ImE3N2Y5NzBmY2FhOWZhYmZiOTc3MmYyMzE4MGRiOTcxIiwic3RvcmFnZSI6InB1YmxpY19zdG9yZSJ9?signature=2bb7890fe6d7b0c0c6a522be31c78077be0aa570ca4c8aa5549ccf80761262dc",
            "productDescription": "",
            "volume": "500ml"
        },
        "priceData": {
            "bestPrice": "4.00",
            "price": "4.00",
            "pricePerLitre": 8.0,
            "bestPricePerLitre": 8.0
        },
        "store": {
            "id": "5e75aaa26d8e6910a300272c",
            "name": "Milton"
        }
    },
    {
        "productData": {
            "name": "V Blue Energy Drink Blue Guarana Can 250ml",
            "productId": "v-blue-energy-drink-blue-guarana-can-250ml",
            "productShopPage": "https://milton.store.supervalue.co.nz/lines/v-blue-energy-drink-blue-guarana-can-250ml",
            "productImageURL": "https://dtgxwmigmg3gc.cloudfront.net/imagery/assets/derivations/icon/512/512/true/eyJpZCI6IjBmZjQwNDEyZWQ2ZDk4YTg3YWQ2ZDUyMWZlNjM1YzJkIiwic3RvcmFnZSI6InB1YmxpY19zdG9yZSJ9?signature=8f745abe5614ec47b3d7a07f1a34ba529184a87b2a696211ba5a0f9f29c86bf0",
            "productDescription": "",
            "volume": "250ml"
        },
        "priceData": {
            "bestPrice": "2.40",
            "price": "2.40",
            "pricePerLitre": 9.6,
            "bestPricePerLitre": 9.6
        },
        "store": {
            "id": "5e75aaa26d8e6910a300272c",
            "name": "Milton"
        }
    },
    {
        "productData": {
            "name": "V Blue Energy Drink Blue Guarana Can 500ml",
            "productId": "v-blue-energy-drink-blue-guarana-can-500ml",
            "productShopPage": "https://milton.store.supervalue.co.nz/lines/v-blue-energy-drink-blue-guarana-can-500ml",
            "productImageURL": "https://dtgxwmigmg3gc.cloudfront.net/imagery/assets/derivations/icon/512/512/true/eyJpZCI6ImFmYjEyYjVjYTU2YWI5ZDJhMTVmNGY2MDg2NWFlNzgxIiwic3RvcmFnZSI6InB1YmxpY19zdG9yZSJ9?signature=b537a8cc5a2c0f90f1702b2c541db44c3a740a0ec4a96e92ab2d6537f9320e8d",
            "productDescription": "",
            "volume": "500ml"
        },
        "priceData": {
            "bestPrice": "4.00",
            "price": "4.00",
            "pricePerLitre": 8.0,
            "bestPricePerLitre": 8.0
        },
        "store": {
            "id": "5e75aaa26d8e6910a300272c",
            "name": "Milton"
        }
    },
    {
        "productData": {
            "name": "V Energy Drink Sugar Free Guarana Bottle 350ml",
            "productId": "v-energy-drink-sugar-free-guarana-bottle-350ml",
            "productShopPage": "https://milton.store.supervalue.co.nz/lines/v-energy-drink-sugar-free-guarana-bottle-350ml",
            "productImageURL": "https://dtgxwmigmg3gc.cloudfront.net/imagery/assets/derivations/icon/512/512/true/eyJpZCI6ImM4MGVkZDY3Mjg5MTdjYTdhMTgxMzUxMTVkZmFlNzcxIiwic3RvcmFnZSI6InB1YmxpY19zdG9yZSJ9?signature=bfa701331e490bfdd2ed98e1c24e4f875f18a45383fc75ce599441cb0aa072cd",
            "productDescription": "",
            "volume": "350ml"
        },
        "priceData": {
            "bestPrice": "4.00",
            "price": "4.00",
            "pricePerLitre": 11.428571428571429,
            "bestPricePerLitre": 11.428571428571429
        },
        "store": {
            "id": "5e75aaa26d8e6910a300272c",
            "name": "Milton"
        }
    },
    {
        "productData": {
            "name": "Monster Super Fuel Zero Sugar 550ml",
            "productId": "monster-super-fuel-zero-sugar-550ml",
            "productShopPage": "https://milton.store.supervalue.co.nz/lines/monster-super-fuel-zero-sugar-550ml",
            "productImageURL": "https://dtgxwmigmg3gc.cloudfront.net/imagery/assets/derivations/icon/512/512/true/eyJpZCI6IjY3MjMyNWYxY2I3ZmU0ZTA1MThmNDhjNDhlODM4MDY1Iiwic3RvcmFnZSI6InB1YmxpY19zdG9yZSJ9?signature=b7227b86ec894bac082ac13fc5cca73f6b02d9cd28e8faf04f161ef8a679b36b",
            "productDescription": "",
            "volume": "550ml"
        },
        "priceData": {
            "bestPrice": "4.70",
            "price": "4.70",
            "pricePerLitre": 8.545454545454545,
            "bestPricePerLitre": 8.545454545454545
        },
        "store": {
            "id": "5e75aaa26d8e6910a300272c",
            "name": "Milton"
        }
    },
    {
        "productData": {
            "name": "Monster Energy Pipeline Punch 500ml",
            "productId": "monster-energy-pipeline-punch-500ml",
            "productShopPage": "https://milton.store.supervalue.co.nz/lines/monster-energy-pipeline-punch-500ml",
            "productImageURL": "https://dtgxwmigmg3gc.cloudfront.net/imagery/assets/derivations/icon/512/512/true/eyJpZCI6IjBhODJhZGNkMWY5YThiMWQ5ZjY0YjRjNGE0YWQwMzMxIiwic3RvcmFnZSI6InB1YmxpY19zdG9yZSJ9?signature=7a4880545cb059c8f06a41c671fb0785b7cddf3903741ed2f081d6bcf2e5189f",
            "productDescription": "",
            "volume": "500ml"
        },
        "priceData": {
            "bestPrice": "3.60",
            "price": "3.60",
            "pricePerLitre": 7.2,
            "bestPricePerLitre": 7.2
        },
        "store": {
            "id": "5e75aaa26d8e6910a300272c",
            "name": "Milton"
        }
    },
    {
        "productData": {
            "name": "Live Plus Energy Drink Citrus Flavour 500ml",
            "productId": "live-plus-persist-500ml",
            "productShopPage": "https://milton.store.supervalue.co.nz/lines/live-plus-persist-500ml",
            "productImageURL": "https://dtgxwmigmg3gc.cloudfront.net/imagery/assets/derivations/icon/512/512/true/eyJpZCI6IjFlNWQ5YzI4OWM1N2UzNmYzZmI2NThlMDQzZTI3ZjE4Iiwic3RvcmFnZSI6InB1YmxpY19zdG9yZSJ9?signature=756b17fefe47174b90e7dbec8cd09db27f9f59f4994bc750b71256ae93ba9fa8",
            "productDescription": "",
            "volume": "500ml"
        },
        "priceData": {
            "bestPrice": "3.20",
            "price": "3.20",
            "pricePerLitre": 6.4,
            "bestPricePerLitre": 6.4
        },
        "store": {
            "id": "5e75aaa26d8e6910a300272c",
            "name": "Milton"
        }
    },
    {
        "productData": {
            "name": "Monster Ultra Fiesta Energy 500ml",
            "productId": "monster-ultra-fiesta-energy-500ml",
            "productShopPage": "https://milton.store.supervalue.co.nz/lines/monster-ultra-fiesta-energy-500ml",
            "productImageURL": "https://dtgxwmigmg3gc.cloudfront.net/imagery/assets/derivations/icon/512/512/true/eyJpZCI6Ijg5N2U0MTUxNjJmNzU3MDA2MjQ3MGU2OWU5NWVhMzY2LmpwZyIsInN0b3JhZ2UiOiJwdWJsaWNfc3RvcmUifQ?signature=b5e95acb1f97789b134681678c5ac2a1847e8d33e7fad84f9ec384b4f5b59496",
            "productDescription": "",
            "volume": "500ml"
        },
        "priceData": {
            "bestPrice": "3.60",
            "price": "3.60",
            "pricePerLitre": 7.2,
            "bestPricePerLitre": 7.2
        },
        "store": {
            "id": "5e75aaa26d8e6910a300272c",
            "name": "Milton"
        }
    },
    {
        "productData": {
            "name": "Monster Super Fuel Tropical Thunder 550ml",
            "productId": "monster-super-fuel-tropical-thunder-550ml",
            "productShopPage": "https://milton.store.supervalue.co.nz/lines/monster-super-fuel-tropical-thunder-550ml",
            "productImageURL": "https://dtgxwmigmg3gc.cloudfront.net/imagery/assets/derivations/icon/512/512/true/eyJpZCI6ImU1MDMwZGIyMGNiOTQ2NWRlMWY3OWVkYmMxNGI4Zjg2Iiwic3RvcmFnZSI6InB1YmxpY19zdG9yZSJ9?signature=edda4faf145060b78b7a826b3d26392e4283e9f7f22cebee6de6f90f70d215de",
            "productDescription": "",
            "volume": "550ml"
        },
        "priceData": {
            "bestPrice": "4.15",
            "price": "4.15",
            "pricePerLitre": 7.545454545454546,
            "bestPricePerLitre": 7.545454545454546
        },
        "store": {
            "id": "5e75aaa26d8e6910a300272c",
            "name": "Milton"
        }
    },
    {
        "productData": {
            "name": "V Refresh Energy Drink Citrus Lemonade 500ml Can 500ml",
            "productId": "v-refresh-energy-drink-citrus-lemonade-500ml-can-500ml",
            "productShopPage": "https://otautau.store.supervalue.co.nz/lines/v-refresh-energy-drink-citrus-lemonade-500ml-can-500ml",
            "productImageURL": "https://dtgxwmigmg3gc.cloudfront.net/imagery/assets/derivations/icon/512/512/true/eyJpZCI6IjVlN2QyZDg4OTlkNWVhZDc1OTM3YzEwZDgwOTg1NjJmIiwic3RvcmFnZSI6InB1YmxpY19zdG9yZSJ9?signature=35586a0457373f804173605ba7f35fb0b256a119e67175911e869a6f42785c11",
            "productDescription": "",
            "volume": "500ml"
        },
        "priceData": {
            "bestPrice": "3.30",
            "price": "3.30",
            "pricePerLitre": 6.6,
            "bestPricePerLitre": 6.6
        },
        "store": {
            "id": "5e755ec3d74776487106b4e4",
            "name": "Otautau"
        }
    },
    {
        "productData": {
            "name": "V Refresh Energy Drink Pineapple Watermelon 500ml Can 500ml",
            "productId": "v-refresh-energy-drink-pineapple-watermelon-500ml-can-500ml",
            "productShopPage": "https://otautau.store.supervalue.co.nz/lines/v-refresh-energy-drink-pineapple-watermelon-500ml-can-500ml",
            "productImageURL": "https://dtgxwmigmg3gc.cloudfront.net/imagery/assets/derivations/icon/512/512/true/eyJpZCI6IjgzMTBmY2EwMzFkODkxOTAxNDFmYWNhMjZhZmFlZTI0Iiwic3RvcmFnZSI6InB1YmxpY19zdG9yZSJ9?signature=2062a73b018e86e0e6858a08c9fea597971ea894ef5eee6cfb310bcaa3201c6f",
            "productDescription": "",
            "volume": "500ml"
        },
        "priceData": {
            "bestPrice": "3.30",
            "price": "3.30",
            "pricePerLitre": 6.6,
            "bestPricePerLitre": 6.6
        },
        "store": {
            "id": "5e755ec3d74776487106b4e4",
            "name": "Otautau"
        }
    },
    {
        "productData": {
            "name": "Monster Energy Drink Ultra Gold 500ml",
            "productId": "monster-energy-drink-ultra-gold-500ml",
            "productShopPage": "https://otautau.store.supervalue.co.nz/lines/monster-energy-drink-ultra-gold-500ml",
            "productImageURL": "https://dtgxwmigmg3gc.cloudfront.net/imagery/assets/derivations/icon/512/512/true/eyJpZCI6ImM3MmEwNWIyMjE0YTAzMjcyNzFhYjMyZTI4Zjk4MGFhIiwic3RvcmFnZSI6InB1YmxpY19zdG9yZSJ9?signature=b4f295a92992569de94ae4176268ca4a850af7b8377f28e19d8ddb65e0e09cc2",
            "productDescription": "",
            "volume": "500ml"
        },
        "priceData": {
            "bestPrice": "3.60",
            "price": "3.60",
            "pricePerLitre": 7.2,
            "bestPricePerLitre": 7.2
        },
        "store": {
            "id": "5e755ec3d74776487106b4e4",
            "name": "Otautau"
        }
    },
    {
        "productData": {
            "name": "Mother Kicked Apple 500ml",
            "productId": "mother-kicked-apple-500ml",
            "productShopPage": "https://otautau.store.supervalue.co.nz/lines/mother-kicked-apple-500ml",
            "productImageURL": "https://dtgxwmigmg3gc.cloudfront.net/imagery/assets/derivations/icon/512/512/true/eyJpZCI6IjNhZTlkYjkwYTM4MDFjMGEwYjUwYThhMDAwYjkyZjM0Iiwic3RvcmFnZSI6InB1YmxpY19zdG9yZSJ9?signature=c1a1db0a5d7b074c388cf08560fd44a4a2b6127821554198e54eeea8474325f6",
            "productDescription": "",
            "volume": "500ml"
        },
        "priceData": {
            "bestPrice": "3.20",
            "price": "3.20",
            "pricePerLitre": 6.4,
            "bestPricePerLitre": 6.4
        },
        "store": {
            "id": "5e755ec3d74776487106b4e4",
            "name": "Otautau"
        }
    },
    {
        "productData": {
            "name": "Monster Energy Import 550ml",
            "productId": "monster-energy-import-550ml",
            "productShopPage": "https://otautau.store.supervalue.co.nz/lines/monster-energy-import-550ml",
            "productImageURL": "https://dtgxwmigmg3gc.cloudfront.net/imagery/assets/derivations/icon/512/512/true/eyJpZCI6IjA2NGMxOGY0ZGZmNTVlMTNmNzA4ZjMxMWMyNGZjZjAyIiwic3RvcmFnZSI6InB1YmxpY19zdG9yZSJ9?signature=0b55cb185296dc7565fe1f5b72fcfd3d848728a98d940d66324e3ac86e1d833a",
            "productDescription": "",
            "volume": "550ml"
        },
        "priceData": {
            "bestPrice": "3.99",
            "price": "3.99",
            "pricePerLitre": 7.254545454545455,
            "bestPricePerLitre": 7.254545454545455
        },
        "store": {
            "id": "5e755ec3d74776487106b4e4",
            "name": "Otautau"
        }
    },
    {
        "productData": {
            "name": "Monster Energy Drink Ultra Paradise 500ml",
            "productId": "monster-energy-drink-ultra-paradise-500ml",
            "productShopPage": "https://otautau.store.supervalue.co.nz/lines/monster-energy-drink-ultra-paradise-500ml",
            "productImageURL": "https://dtgxwmigmg3gc.cloudfront.net/imagery/assets/derivations/icon/512/512/true/eyJpZCI6IjU3ZTFkM2FiYTM1NTE5MjBjNGY3YWQ1MDlmN2JiM2FiIiwic3RvcmFnZSI6InB1YmxpY19zdG9yZSJ9?signature=f112dbd2da966f41ee31deb58894dec2d4e327e223dcd676069650d679f43cb5",
            "productDescription": "",
            "volume": "500ml"
        },
        "priceData": {
            "bestPrice": "3.60",
            "price": "3.60",
            "pricePerLitre": 7.2,
            "bestPricePerLitre": 7.2
        },
        "store": {
            "id": "5e755ec3d74776487106b4e4",
            "name": "Otautau"
        }
    },
    {
        "productData": {
            "name": "Monster Energy Ultra Zero 500ml Can 500ml",
            "productId": "monster-energy-ultra-zero-500ml",
            "productShopPage": "https://otautau.store.supervalue.co.nz/lines/monster-energy-ultra-zero-500ml",
            "productImageURL": "https://dtgxwmigmg3gc.cloudfront.net/imagery/assets/derivations/icon/512/512/true/eyJpZCI6IjE2ZDZhZmVkN2M0YjVjMzRmMjExNGJhNWQyMzhlOTQ4Iiwic3RvcmFnZSI6InB1YmxpY19zdG9yZSJ9?signature=10ef7ab522a8389710a24973bac3bd88af990f17b5da987fda62632f41e72ced",
            "productDescription": "",
            "volume": "500ml"
        },
        "priceData": {
            "bestPrice": "3.60",
            "price": "3.60",
            "pricePerLitre": 7.2,
            "bestPricePerLitre": 7.2
        },
        "store": {
            "id": "5e755ec3d74776487106b4e4",
            "name": "Otautau"
        }
    },
    {
        "productData": {
            "name": "Monster Energy Green 500ml",
            "productId": "monster-energy-green-500ml",
            "productShopPage": "https://otautau.store.supervalue.co.nz/lines/monster-energy-green-500ml",
            "productImageURL": "https://dtgxwmigmg3gc.cloudfront.net/imagery/assets/derivations/icon/512/512/true/eyJpZCI6IjdlMWQ4YzE4OWEzYjkxOWExNTNiZDRmMGNhMjA0MGFjIiwic3RvcmFnZSI6InB1YmxpY19zdG9yZSJ9?signature=7d8e276d7131e46748c715b58473be8fec7d21f3d10abd6d108f8b0cb856d4a3",
            "productDescription": "",
            "volume": "500ml"
        },
        "priceData": {
            "bestPrice": "3.60",
            "price": "3.60",
            "pricePerLitre": 7.2,
            "bestPricePerLitre": 7.2
        },
        "store": {
            "id": "5e755ec3d74776487106b4e4",
            "name": "Otautau"
        }
    },
    {
        "productData": {
            "name": "Monster Energy Drink Ultra Rosa 500ml",
            "productId": "monster-energy-drink-ultra-rosa-500ml",
            "productShopPage": "https://otautau.store.supervalue.co.nz/lines/monster-energy-drink-ultra-rosa-500ml",
            "productImageURL": "https://dtgxwmigmg3gc.cloudfront.net/imagery/assets/derivations/icon/512/512/true/eyJpZCI6IjBmZDhiOGI4MDk3NDYzMDI0ZGQ4OTdhYTk2ZmVmMmRiIiwic3RvcmFnZSI6InB1YmxpY19zdG9yZSJ9?signature=b524829083fd581b245f26f999cd130415f1b63b346277cf6a7a0faece216093",
            "productDescription": "",
            "volume": "500ml"
        },
        "priceData": {
            "bestPrice": "3.60",
            "price": "3.60",
            "pricePerLitre": 7.2,
            "bestPricePerLitre": 7.2
        },
        "store": {
            "id": "5e755ec3d74776487106b4e4",
            "name": "Otautau"
        }
    },
    {
        "productData": {
            "name": "Mother Energy Drink Berry 500ml",
            "productId": "mother-energy-drink-berry-500ml",
            "productShopPage": "https://otautau.store.supervalue.co.nz/lines/mother-energy-drink-berry-500ml",
            "productImageURL": "https://dtgxwmigmg3gc.cloudfront.net/imagery/assets/derivations/icon/512/512/true/eyJpZCI6ImRhYTJlNjUzNzRjZjViNjI0ZDljNzUzNDA3YmE0ZDFkIiwic3RvcmFnZSI6InB1YmxpY19zdG9yZSJ9?signature=d9ffb465d71d599811c2ff7a788845bfe297eb3624ad7866a89cf0b3ece073f0",
            "productDescription": "",
            "volume": "500ml"
        },
        "priceData": {
            "bestPrice": "3.20",
            "price": "3.20",
            "pricePerLitre": 6.4,
            "bestPricePerLitre": 6.4
        },
        "store": {
            "id": "5e755ec3d74776487106b4e4",
            "name": "Otautau"
        }
    },
    {
        "productData": {
            "name": "Mother Energy Drink Black 500ml",
            "productId": "mother-energy-drink-black-500ml",
            "productShopPage": "https://otautau.store.supervalue.co.nz/lines/mother-energy-drink-black-500ml",
            "productImageURL": "https://dtgxwmigmg3gc.cloudfront.net/imagery/assets/derivations/icon/512/512/true/eyJpZCI6ImYyMzA5MjhkYjg3ODFhYmYzZDU3ZjE1YjNmYzU2MWFjIiwic3RvcmFnZSI6InB1YmxpY19zdG9yZSJ9?signature=d3dbddb83d3d457075cd5d8936bef0c5b48fce4fa3fe725995d8b6d57219ceb5",
            "productDescription": "",
            "volume": "500ml"
        },
        "priceData": {
            "bestPrice": "3.20",
            "price": "3.20",
            "pricePerLitre": 6.4,
            "bestPricePerLitre": 6.4
        },
        "store": {
            "id": "5e755ec3d74776487106b4e4",
            "name": "Otautau"
        }
    },
    {
        "productData": {
            "name": "Mother Energy Drink Cans 250ml 6 Pack",
            "productId": "mother-energy-drink-6x250ml-cans",
            "productShopPage": "https://otautau.store.supervalue.co.nz/lines/mother-energy-drink-6x250ml-cans",
            "productImageURL": "https://dtgxwmigmg3gc.cloudfront.net/imagery/assets/derivations/icon/512/512/true/eyJpZCI6IjEyOGFhMmU0Y2VkYTU4ZWFkZmVhOWUwZjdlNTZhOTA4Iiwic3RvcmFnZSI6InB1YmxpY19zdG9yZSJ9?signature=5db1908f64527cf28fa7bf3266a83ab854a07ca50453511f7d414d8e6d5c10fb",
            "productDescription": "",
            "volume": "250ml"
        },
        "priceData": {
            "bestPrice": "8.00",
            "price": "8.00",
            "pricePerLitre": 32.0,
            "bestPricePerLitre": 32.0
        },
        "store": {
            "id": "5e755ec3d74776487106b4e4",
            "name": "Otautau"
        }
    },
    {
        "productData": {
            "name": "Mother Energy Drink Passion 500ml",
            "productId": "mother-energy-drink-passion-500ml",
            "productShopPage": "https://otautau.store.supervalue.co.nz/lines/mother-energy-drink-passion-500ml",
            "productImageURL": "https://dtgxwmigmg3gc.cloudfront.net/imagery/assets/derivations/icon/512/512/true/eyJpZCI6ImFkZDQ3ZmI4MGJjMmU2ZTgxNDcxNDRhYWFmOWZkYzViIiwic3RvcmFnZSI6InB1YmxpY19zdG9yZSJ9?signature=c8aea44ce6ff965b9e87fcb9f60849b0328e9b8983b9d5547e51c910f8f5368b",
            "productDescription": "",
            "volume": "500ml"
        },
        "priceData": {
            "bestPrice": "3.20",
            "price": "3.20",
            "pricePerLitre": 6.4,
            "bestPricePerLitre": 6.4
        },
        "store": {
            "id": "5e755ec3d74776487106b4e4",
            "name": "Otautau"
        }
    },
    {
        "productData": {
            "name": "Mother Tropical Blast 500ml",
            "productId": "mother-tropical-blast-500ml",
            "productShopPage": "https://otautau.store.supervalue.co.nz/lines/mother-tropical-blast-500ml",
            "productImageURL": "https://dtgxwmigmg3gc.cloudfront.net/imagery/assets/derivations/icon/512/512/true/eyJpZCI6IjY2ODFiOTc3MTY1OWVlZGI0YWU0ZDEwNmRkMWI3MTFmIiwic3RvcmFnZSI6InB1YmxpY19zdG9yZSJ9?signature=d1b01bfff1b3992a83da4126d87194cc3819f2c04c19ef718954650d0bb059a1",
            "productDescription": "",
            "volume": "500ml"
        },
        "priceData": {
            "bestPrice": "3.20",
            "price": "3.20",
            "pricePerLitre": 6.4,
            "bestPricePerLitre": 6.4
        },
        "store": {
            "id": "5e755ec3d74776487106b4e4",
            "name": "Otautau"
        }
    },
    {
        "productData": {
            "name": "Mother Epic Swell Energy Drink Twisted Apple 500ml",
            "productId": "mother-epic-swell-energy-drink-twisted-apple-500ml",
            "productShopPage": "https://otautau.store.supervalue.co.nz/lines/mother-epic-swell-energy-drink-twisted-apple-500ml",
            "productImageURL": "https://dtgxwmigmg3gc.cloudfront.net/imagery/assets/derivations/icon/512/512/true/eyJpZCI6IjE3NGY3OWU3NDkwYTQ5MGE4NGFkNjYzZjVlODdjNzlmIiwic3RvcmFnZSI6InB1YmxpY19zdG9yZSJ9?signature=8b8c94eb83ff8e282e2c9309d499d02862cc0d052bea74cb186828b6e121cc4e",
            "productDescription": "",
            "volume": "500ml"
        },
        "priceData": {
            "bestPrice": "3.20",
            "price": "3.20",
            "pricePerLitre": 6.4,
            "bestPricePerLitre": 6.4
        },
        "store": {
            "id": "5e755ec3d74776487106b4e4",
            "name": "Otautau"
        }
    },
    {
        "productData": {
            "name": "Monster Energy Juice Mango Loco 500ml",
            "productId": "monster-energy-juice-mango-loco-500ml-can",
            "productShopPage": "https://otautau.store.supervalue.co.nz/lines/monster-energy-juice-mango-loco-500ml-can",
            "productImageURL": "https://dtgxwmigmg3gc.cloudfront.net/imagery/assets/derivations/icon/512/512/true/eyJpZCI6ImFiNTMzOTMyOWEwYWQ0NzdjMjJjNjlkMzQxZTNhOGQxIiwic3RvcmFnZSI6InB1YmxpY19zdG9yZSJ9?signature=68e99f74abe4c896ded0dd7313a3b51988c1e1a783fd4322eb0d59affb53ec54",
            "productDescription": "",
            "volume": "500ml"
        },
        "priceData": {
            "bestPrice": "3.60",
            "price": "3.60",
            "pricePerLitre": 7.2,
            "bestPricePerLitre": 7.2
        },
        "store": {
            "id": "5e755ec3d74776487106b4e4",
            "name": "Otautau"
        }
    },
    {
        "productData": {
            "name": "V Energy Drink Guarana 500ml",
            "productId": "v-energy-drink-guarana-500ml",
            "productShopPage": "https://otautau.store.supervalue.co.nz/lines/v-energy-drink-guarana-500ml",
            "productImageURL": "https://dtgxwmigmg3gc.cloudfront.net/imagery/assets/derivations/icon/512/512/true/eyJpZCI6IjgzZDAxMjhiMzg4NmEwZmE4YTE2ZjY2NWIzNmM2NzI2Iiwic3RvcmFnZSI6InB1YmxpY19zdG9yZSJ9?signature=f55ecc561066291a4e74a967db35ea2355f881bd1708bf400fd790032384ae4f",
            "productDescription": "",
            "volume": "500ml"
        },
        "priceData": {
            "bestPrice": "2.70",
            "price": "2.70",
            "pricePerLitre": 5.4,
            "bestPricePerLitre": 5.4
        },
        "store": {
            "id": "5e755ec3d74776487106b4e4",
            "name": "Otautau"
        }
    },
    {
        "productData": {
            "name": "V Energy Drink Sugarfree 500ml",
            "productId": "v-energy-drink-sugarfree-500ml",
            "productShopPage": "https://otautau.store.supervalue.co.nz/lines/v-energy-drink-sugarfree-500ml",
            "productImageURL": "https://dtgxwmigmg3gc.cloudfront.net/imagery/assets/derivations/icon/512/512/true/eyJpZCI6ImVkZTAxNTNmMDI1NmU1NDZjNWQ5MTc3MjE3ZTQ3YTQ0Iiwic3RvcmFnZSI6InB1YmxpY19zdG9yZSJ9?signature=abcf72d9faa9ee3044eaa3b7ee0bf9b4fd8f582379018d8727f2234b7d3f3c85",
            "productDescription": "",
            "volume": "500ml"
        },
        "priceData": {
            "bestPrice": "2.70",
            "price": "2.70",
            "pricePerLitre": 5.4,
            "bestPricePerLitre": 5.4
        },
        "store": {
            "id": "5e755ec3d74776487106b4e4",
            "name": "Otautau"
        }
    },
    {
        "productData": {
            "name": "V Energy Drink Sugar Free Guarana 250ml",
            "productId": "v-energy-drink-sugar-free-guarana-250ml",
            "productShopPage": "https://otautau.store.supervalue.co.nz/lines/v-energy-drink-sugar-free-guarana-250ml",
            "productImageURL": "https://dtgxwmigmg3gc.cloudfront.net/imagery/assets/derivations/icon/512/512/true/eyJpZCI6ImZiNzM1NmU4NTMyZDllODlkZTljZmNlOGY2MzQ5NGQwIiwic3RvcmFnZSI6InB1YmxpY19zdG9yZSJ9?signature=72b0ce0a48ca796717c115fe5e8b4564501470f63bf80ae865d26e9d131a2b8c",
            "productDescription": "",
            "volume": "250ml"
        },
        "priceData": {
            "bestPrice": "2.40",
            "price": "2.40",
            "pricePerLitre": 9.6,
            "bestPricePerLitre": 9.6
        },
        "store": {
            "id": "5e755ec3d74776487106b4e4",
            "name": "Otautau"
        }
    },
    {
        "productData": {
            "name": "V Energy Drink Blue Guarana Spritzed 350ml",
            "productId": "v-blue-energy-drink-blue-guarana-spritzed-350ml",
            "productShopPage": "https://otautau.store.supervalue.co.nz/lines/v-blue-energy-drink-blue-guarana-spritzed-350ml",
            "productImageURL": "https://dtgxwmigmg3gc.cloudfront.net/imagery/assets/derivations/icon/512/512/true/eyJpZCI6ImY2OTRlZGI4NjdlNWMzZDM5NzgzMDQ0ODFkMzUxZGZiIiwic3RvcmFnZSI6InB1YmxpY19zdG9yZSJ9?signature=591b3079cb9c2407a29b3bc348eaf42dc1d34daba5c9d7aba65be654725b6719",
            "productDescription": "",
            "volume": "350ml"
        },
        "priceData": {
            "bestPrice": "4.00",
            "price": "4.00",
            "pricePerLitre": 11.428571428571429,
            "bestPricePerLitre": 11.428571428571429
        },
        "store": {
            "id": "5e755ec3d74776487106b4e4",
            "name": "Otautau"
        }
    },
    {
        "productData": {
            "name": "V Energy Drink Green Guarana 350ml",
            "productId": "v-energy-drink-green-guarana-350ml",
            "productShopPage": "https://otautau.store.supervalue.co.nz/lines/v-energy-drink-green-guarana-350ml",
            "productImageURL": "https://dtgxwmigmg3gc.cloudfront.net/imagery/assets/derivations/icon/512/512/true/eyJpZCI6IjRiNjY4ZjYxOTQ2ODYyN2MzM2NiZWMyNGUyNmIyODk4Iiwic3RvcmFnZSI6InB1YmxpY19zdG9yZSJ9?signature=4cded9cb42349eef45a593461f311b1bb7fa881295733879671ad9fe9887d30c",
            "productDescription": "",
            "volume": "350ml"
        },
        "priceData": {
            "bestPrice": "4.00",
            "price": "4.00",
            "pricePerLitre": 11.428571428571429,
            "bestPricePerLitre": 11.428571428571429
        },
        "store": {
            "id": "5e755ec3d74776487106b4e4",
            "name": "Otautau"
        }
    },
    {
        "productData": {
            "name": "V Energy Drink Guarana Can 250ml",
            "productId": "v-energy-drink-guarana-can-250ml",
            "productShopPage": "https://otautau.store.supervalue.co.nz/lines/v-energy-drink-guarana-can-250ml",
            "productImageURL": "https://dtgxwmigmg3gc.cloudfront.net/imagery/assets/derivations/icon/512/512/true/eyJpZCI6Ijc3Nzk1NjE2ZDhhNmFiMThhYzEzODYzOTg2ZmNkNzgwIiwic3RvcmFnZSI6InB1YmxpY19zdG9yZSJ9?signature=f5de1854d43e19cc62bff86893d4a55615cd916f8425a4dccd170b52eba81255",
            "productDescription": "",
            "volume": "250ml"
        },
        "priceData": {
            "bestPrice": "2.40",
            "price": "2.40",
            "pricePerLitre": 9.6,
            "bestPricePerLitre": 9.6
        },
        "store": {
            "id": "5e755ec3d74776487106b4e4",
            "name": "Otautau"
        }
    },
    {
        "productData": {
            "name": "V Energy Drink Guarana Can 500ml",
            "productId": "v-energy-drink-guarana-can-500ml",
            "productShopPage": "https://otautau.store.supervalue.co.nz/lines/v-energy-drink-guarana-can-500ml",
            "productImageURL": "https://dtgxwmigmg3gc.cloudfront.net/imagery/assets/derivations/icon/512/512/true/eyJpZCI6ImI0NjgzNGZjNDRkMjU0MjgzYzJjZGNhMzA2NWIxYjA5Iiwic3RvcmFnZSI6InB1YmxpY19zdG9yZSJ9?signature=265e8273409849423466e7623cbbdf8352940707b8830803eec391e8f32c9c5f",
            "productDescription": "",
            "volume": "500ml"
        },
        "priceData": {
            "bestPrice": "4.00",
            "price": "4.00",
            "pricePerLitre": 8.0,
            "bestPricePerLitre": 8.0
        },
        "store": {
            "id": "5e755ec3d74776487106b4e4",
            "name": "Otautau"
        }
    },
    {
        "productData": {
            "name": "V Energy Drink Sugar Free Guarana 500ml",
            "productId": "v-energy-drink-sugar-free-guarana-500ml",
            "productShopPage": "https://otautau.store.supervalue.co.nz/lines/v-energy-drink-sugar-free-guarana-500ml",
            "productImageURL": "https://dtgxwmigmg3gc.cloudfront.net/imagery/assets/derivations/icon/512/512/true/eyJpZCI6Ijg4MGExMDYxOTY4NTJiYzM1ZTExMmU2MGE2OWYxNDE3Iiwic3RvcmFnZSI6InB1YmxpY19zdG9yZSJ9?signature=b0536d25b9da8158705e24c88e21fabbf85c1dabc19f18108c386e956ffd7045",
            "productDescription": "",
            "volume": "500ml"
        },
        "priceData": {
            "bestPrice": "4.00",
            "price": "4.00",
            "pricePerLitre": 8.0,
            "bestPricePerLitre": 8.0
        },
        "store": {
            "id": "5e755ec3d74776487106b4e4",
            "name": "Otautau"
        }
    },
    {
        "productData": {
            "name": "V Blue Energy Drink Bottle 500ml",
            "productId": "v-blue-energy-drink-bottle-500ml",
            "productShopPage": "https://otautau.store.supervalue.co.nz/lines/v-blue-energy-drink-bottle-500ml",
            "productImageURL": "https://dtgxwmigmg3gc.cloudfront.net/imagery/assets/derivations/icon/512/512/true/eyJpZCI6IjgyYWYxYWY4MGI4MzUxODhiYmVhZGVhM2U2NzY0MzI5Iiwic3RvcmFnZSI6InB1YmxpY19zdG9yZSJ9?signature=7e70fc576864a528a1431734d680cbf177a11b419a692dbfd34800c31b8944ec",
            "productDescription": "",
            "volume": "500ml"
        },
        "priceData": {
            "bestPrice": "2.70",
            "price": "2.70",
            "pricePerLitre": 5.4,
            "bestPricePerLitre": 5.4
        },
        "store": {
            "id": "5e755ec3d74776487106b4e4",
            "name": "Otautau"
        }
    },
    {
        "productData": {
            "name": "V Blue Sugarfree Energy Drink 500ml",
            "productId": "v-blue-sugarfree-energy-drink-500ml",
            "productShopPage": "https://otautau.store.supervalue.co.nz/lines/v-blue-sugarfree-energy-drink-500ml",
            "productImageURL": "https://dtgxwmigmg3gc.cloudfront.net/imagery/assets/derivations/icon/512/512/true/eyJpZCI6ImVmYjQyOWRmM2JjZjc3NTY1ZDIwMTEyNTY0MDdmZjA1Iiwic3RvcmFnZSI6InB1YmxpY19zdG9yZSJ9?signature=2911d59474d8305039a3be3bef0f887c38d9ab84596314b13cc4b150101175ab",
            "productDescription": "",
            "volume": "500ml"
        },
        "priceData": {
            "bestPrice": "4.00",
            "price": "4.00",
            "pricePerLitre": 8.0,
            "bestPricePerLitre": 8.0
        },
        "store": {
            "id": "5e755ec3d74776487106b4e4",
            "name": "Otautau"
        }
    },
    {
        "productData": {
            "name": "V Raspberry Lemonade Energy Drink 500ml",
            "productId": "v-energy-drink-raspberry-lemonade-500ml-can",
            "productShopPage": "https://otautau.store.supervalue.co.nz/lines/v-energy-drink-raspberry-lemonade-500ml-can",
            "productImageURL": "https://dtgxwmigmg3gc.cloudfront.net/imagery/assets/derivations/icon/512/512/true/eyJpZCI6ImE3N2Y5NzBmY2FhOWZhYmZiOTc3MmYyMzE4MGRiOTcxIiwic3RvcmFnZSI6InB1YmxpY19zdG9yZSJ9?signature=2bb7890fe6d7b0c0c6a522be31c78077be0aa570ca4c8aa5549ccf80761262dc",
            "productDescription": "",
            "volume": "500ml"
        },
        "priceData": {
            "bestPrice": "4.00",
            "price": "4.00",
            "pricePerLitre": 8.0,
            "bestPricePerLitre": 8.0
        },
        "store": {
            "id": "5e755ec3d74776487106b4e4",
            "name": "Otautau"
        }
    },
    {
        "productData": {
            "name": "V Blue Energy Drink Blue Guarana Can 250ml",
            "productId": "v-blue-energy-drink-blue-guarana-can-250ml",
            "productShopPage": "https://otautau.store.supervalue.co.nz/lines/v-blue-energy-drink-blue-guarana-can-250ml",
            "productImageURL": "https://dtgxwmigmg3gc.cloudfront.net/imagery/assets/derivations/icon/512/512/true/eyJpZCI6IjBmZjQwNDEyZWQ2ZDk4YTg3YWQ2ZDUyMWZlNjM1YzJkIiwic3RvcmFnZSI6InB1YmxpY19zdG9yZSJ9?signature=8f745abe5614ec47b3d7a07f1a34ba529184a87b2a696211ba5a0f9f29c86bf0",
            "productDescription": "",
            "volume": "250ml"
        },
        "priceData": {
            "bestPrice": "2.40",
            "price": "2.40",
            "pricePerLitre": 9.6,
            "bestPricePerLitre": 9.6
        },
        "store": {
            "id": "5e755ec3d74776487106b4e4",
            "name": "Otautau"
        }
    },
    {
        "productData": {
            "name": "V Blue Energy Drink Blue Guarana Can 500ml",
            "productId": "v-blue-energy-drink-blue-guarana-can-500ml",
            "productShopPage": "https://otautau.store.supervalue.co.nz/lines/v-blue-energy-drink-blue-guarana-can-500ml",
            "productImageURL": "https://dtgxwmigmg3gc.cloudfront.net/imagery/assets/derivations/icon/512/512/true/eyJpZCI6ImFmYjEyYjVjYTU2YWI5ZDJhMTVmNGY2MDg2NWFlNzgxIiwic3RvcmFnZSI6InB1YmxpY19zdG9yZSJ9?signature=b537a8cc5a2c0f90f1702b2c541db44c3a740a0ec4a96e92ab2d6537f9320e8d",
            "productDescription": "",
            "volume": "500ml"
        },
        "priceData": {
            "bestPrice": "4.00",
            "price": "4.00",
            "pricePerLitre": 8.0,
            "bestPricePerLitre": 8.0
        },
        "store": {
            "id": "5e755ec3d74776487106b4e4",
            "name": "Otautau"
        }
    },
    {
        "productData": {
            "name": "V Energy Drink Sugar Free Guarana Bottle 350ml",
            "productId": "v-energy-drink-sugar-free-guarana-bottle-350ml",
            "productShopPage": "https://otautau.store.supervalue.co.nz/lines/v-energy-drink-sugar-free-guarana-bottle-350ml",
            "productImageURL": "https://dtgxwmigmg3gc.cloudfront.net/imagery/assets/derivations/icon/512/512/true/eyJpZCI6ImM4MGVkZDY3Mjg5MTdjYTdhMTgxMzUxMTVkZmFlNzcxIiwic3RvcmFnZSI6InB1YmxpY19zdG9yZSJ9?signature=bfa701331e490bfdd2ed98e1c24e4f875f18a45383fc75ce599441cb0aa072cd",
            "productDescription": "",
            "volume": "350ml"
        },
        "priceData": {
            "bestPrice": "4.00",
            "price": "4.00",
            "pricePerLitre": 11.428571428571429,
            "bestPricePerLitre": 11.428571428571429
        },
        "store": {
            "id": "5e755ec3d74776487106b4e4",
            "name": "Otautau"
        }
    },
    {
        "productData": {
            "name": "V Pure Energy Drink Bottle 330ml",
            "productId": "v-pure-330ml-bottle",
            "productShopPage": "https://otautau.store.supervalue.co.nz/lines/v-pure-330ml-bottle",
            "productImageURL": "https://dtgxwmigmg3gc.cloudfront.net/imagery/assets/derivations/icon/512/512/true/eyJpZCI6ImFjZmFlNGE1MmQ1ZmNhOTVhN2IyNzdhOGQ3ZTBjNTY0Iiwic3RvcmFnZSI6InB1YmxpY19zdG9yZSJ9?signature=ff03797de044ef70d02854192249a79b3cd819353c7171ef7358378e76bfc089",
            "productDescription": "",
            "volume": "330ml"
        },
        "priceData": {
            "bestPrice": "3.99",
            "price": "3.99",
            "pricePerLitre": 12.090909090909092,
            "bestPricePerLitre": 12.090909090909092
        },
        "store": {
            "id": "5e755ec3d74776487106b4e4",
            "name": "Otautau"
        }
    },
    {
        "productData": {
            "name": "Monster Mule Energy Drink 500ml",
            "productId": "monster-mule-ginger-brew-500ml",
            "productShopPage": "https://otautau.store.supervalue.co.nz/lines/monster-mule-ginger-brew-500ml",
            "productImageURL": "https://dtgxwmigmg3gc.cloudfront.net/imagery/assets/derivations/icon/512/512/true/eyJpZCI6ImM1OTM5MTIyZTRlNmNhNzk0ODFlMDE4ZWVmMWE2Y2ZlIiwic3RvcmFnZSI6InB1YmxpY19zdG9yZSJ9?signature=5d11287f30ef58c148e37382d61c0d83097d5461683a9aa5dd9456941c1f32e5",
            "productDescription": "",
            "volume": "500ml"
        },
        "priceData": {
            "bestPrice": "3.60",
            "price": "3.60",
            "pricePerLitre": 7.2,
            "bestPricePerLitre": 7.2
        },
        "store": {
            "id": "5e755ec3d74776487106b4e4",
            "name": "Otautau"
        }
    },
    {
        "productData": {
            "name": "Monster Energy Pipeline Punch 500ml",
            "productId": "monster-energy-pipeline-punch-500ml",
            "productShopPage": "https://otautau.store.supervalue.co.nz/lines/monster-energy-pipeline-punch-500ml",
            "productImageURL": "https://dtgxwmigmg3gc.cloudfront.net/imagery/assets/derivations/icon/512/512/true/eyJpZCI6IjBhODJhZGNkMWY5YThiMWQ5ZjY0YjRjNGE0YWQwMzMxIiwic3RvcmFnZSI6InB1YmxpY19zdG9yZSJ9?signature=7a4880545cb059c8f06a41c671fb0785b7cddf3903741ed2f081d6bcf2e5189f",
            "productDescription": "",
            "volume": "500ml"
        },
        "priceData": {
            "bestPrice": "3.60",
            "price": "3.60",
            "pricePerLitre": 7.2,
            "bestPricePerLitre": 7.2
        },
        "store": {
            "id": "5e755ec3d74776487106b4e4",
            "name": "Otautau"
        }
    },
    {
        "productData": {
            "name": "V Guarana Energy Drink Blue Sugarfree 250ml",
            "productId": "v-blue-sugarfree-energy-drink-250ml",
            "productShopPage": "https://otautau.store.supervalue.co.nz/lines/v-blue-sugarfree-energy-drink-250ml",
            "productImageURL": "https://dtgxwmigmg3gc.cloudfront.net/imagery/assets/derivations/icon/512/512/true/eyJpZCI6IjI3YWJiOTVhYjNhMjEwMDU2MWJhMmRhNTM3YjRhZjVmIiwic3RvcmFnZSI6InB1YmxpY19zdG9yZSJ9?signature=66769306ca1d0ba674603954d338186dc999f6d1839090d49fde9416b3252365",
            "productDescription": "",
            "volume": "250ml"
        },
        "priceData": {
            "bestPrice": "2.40",
            "price": "2.40",
            "pricePerLitre": 9.6,
            "bestPricePerLitre": 9.6
        },
        "store": {
            "id": "5e755ec3d74776487106b4e4",
            "name": "Otautau"
        }
    },
    {
        "productData": {
            "name": "Rockstar Punched Energy Guava 500ml",
            "productId": "rockstar-punched-energy-guava-500ml",
            "productShopPage": "https://otautau.store.supervalue.co.nz/lines/rockstar-punched-energy-guava-500ml",
            "productImageURL": "https://dtgxwmigmg3gc.cloudfront.net/imagery/assets/derivations/icon/512/512/true/eyJpZCI6ImEzMDQwMDA1ZTlmNTRmNTczMTYzMDE1Yjk2NTFmZDIxIiwic3RvcmFnZSI6InB1YmxpY19zdG9yZSJ9?signature=bfb6b62e0f648da1212eb37234f40b47cf3251c956e2d837473e2acee3a5a4ef",
            "productDescription": "",
            "volume": "500ml"
        },
        "priceData": {
            "bestPrice": "2.20",
            "price": "2.20",
            "pricePerLitre": 4.4,
            "bestPricePerLitre": 4.4
        },
        "store": {
            "id": "5e755ec3d74776487106b4e4",
            "name": "Otautau"
        }
    },
    {
        "productData": {
            "name": "Live Plus Energy Drink Sugar Free Citrus Flavour 250ml",
            "productId": "live-plus-zero-sug-citrus-500ml",
            "productShopPage": "https://otautau.store.supervalue.co.nz/lines/live-plus-zero-sug-citrus-500ml",
            "productImageURL": "https://dtgxwmigmg3gc.cloudfront.net/imagery/assets/derivations/icon/512/512/true/eyJpZCI6IjhkZGE2ODE2ZDc4Y2E5MmUxZTQ3YjAxOWExZjNlMTU5Iiwic3RvcmFnZSI6InB1YmxpY19zdG9yZSJ9?signature=ab72ec55544855bdd6eb188264cd302aac7f6bc747af365b1624653223d6953d",
            "productDescription": "",
            "volume": "250ml"
        },
        "priceData": {
            "bestPrice": "3.20",
            "price": "3.20",
            "pricePerLitre": 12.8,
            "bestPricePerLitre": 12.8
        },
        "store": {
            "id": "5e755ec3d74776487106b4e4",
            "name": "Otautau"
        }
    },
    {
        "productData": {
            "name": "Monster Ultra Fiesta Energy 500ml",
            "productId": "monster-ultra-fiesta-energy-500ml",
            "productShopPage": "https://otautau.store.supervalue.co.nz/lines/monster-ultra-fiesta-energy-500ml",
            "productImageURL": "https://dtgxwmigmg3gc.cloudfront.net/imagery/assets/derivations/icon/512/512/true/eyJpZCI6Ijg5N2U0MTUxNjJmNzU3MDA2MjQ3MGU2OWU5NWVhMzY2LmpwZyIsInN0b3JhZ2UiOiJwdWJsaWNfc3RvcmUifQ?signature=b5e95acb1f97789b134681678c5ac2a1847e8d33e7fad84f9ec384b4f5b59496",
            "productDescription": "",
            "volume": "500ml"
        },
        "priceData": {
            "bestPrice": "3.60",
            "price": "3.60",
            "pricePerLitre": 7.2,
            "bestPricePerLitre": 7.2
        },
        "store": {
            "id": "5e755ec3d74776487106b4e4",
            "name": "Otautau"
        }
    },
    {
        "productData": {
            "name": "Rockstar Energy Drink Blueberry Can 500ml",
            "productId": "rockstar-energy-drink-blueberry-can-500ml",
            "productShopPage": "https://otautau.store.supervalue.co.nz/lines/rockstar-energy-drink-blueberry-can-500ml",
            "productImageURL": "https://dtgxwmigmg3gc.cloudfront.net/imagery/assets/derivations/icon/512/512/true/eyJpZCI6ImI1N2Q4NGI2ZGNjM2JiNDYyNzE0MDM1NDBmNDFiMTczIiwic3RvcmFnZSI6InB1YmxpY19zdG9yZSJ9?signature=7e05418bac60cf5dc657a6490b215fa93221265cb5d03bdab391f3993e9949d7",
            "productDescription": "",
            "volume": "500ml"
        },
        "priceData": {
            "bestPrice": "2.20",
            "price": "2.20",
            "pricePerLitre": 4.4,
            "bestPricePerLitre": 4.4
        },
        "store": {
            "id": "5e755ec3d74776487106b4e4",
            "name": "Otautau"
        }
    },
    {
        "productData": {
            "name": "Live Plus Energy Drink Original Cans 250ml",
            "productId": "live-plus-energy-drink-original-cans-250ml",
            "productShopPage": "https://otautau.store.supervalue.co.nz/lines/live-plus-energy-drink-original-cans-250ml",
            "productImageURL": "https://dtgxwmigmg3gc.cloudfront.net/imagery/assets/derivations/icon/512/512/true/eyJpZCI6IjJkOWMwNTExZWI5MDY3MmRhYzk2OWQzYTlmMDZlMzg4Iiwic3RvcmFnZSI6InB1YmxpY19zdG9yZSJ9?signature=ca15999b181bd95a0f396d2cd4687f7864bd189801bd1939021ec51f40f803ee",
            "productDescription": "",
            "volume": "250ml"
        },
        "priceData": {
            "bestPrice": "2.50",
            "price": "2.50",
            "pricePerLitre": 10.0,
            "bestPricePerLitre": 10.0
        },
        "store": {
            "id": "5e755ec3d74776487106b4e4",
            "name": "Otautau"
        }
    },
    {
        "productData": {
            "name": "Live Plus Energy Drink Watermelon 500ml",
            "productId": "mother-energy-drink-sugar-free-500ml",
            "productShopPage": "https://otautau.store.supervalue.co.nz/lines/mother-energy-drink-sugar-free-500ml",
            "productImageURL": "https://dtgxwmigmg3gc.cloudfront.net/imagery/assets/derivations/icon/512/512/true/eyJpZCI6Ijc5YmNmZjFmZWZlM2JjYjU3ZmZmZDJmNDJkNmIzOTc5Iiwic3RvcmFnZSI6InB1YmxpY19zdG9yZSJ9?signature=3236600f4d7ed3cb9fe7b9b50f17704107ea546e1c8e3269f3cfc49c2561d05c",
            "productDescription": "",
            "volume": "500ml"
        },
        "priceData": {
            "bestPrice": "3.20",
            "price": "3.20",
            "pricePerLitre": 6.4,
            "bestPricePerLitre": 6.4
        },
        "store": {
            "id": "5e755ec3d74776487106b4e4",
            "name": "Otautau"
        }
    },
    {
        "productData": {
            "name": "Monster Super Fuel Tropical Thunder 550ml",
            "productId": "monster-super-fuel-tropical-thunder-550ml",
            "productShopPage": "https://otautau.store.supervalue.co.nz/lines/monster-super-fuel-tropical-thunder-550ml",
            "productImageURL": "https://dtgxwmigmg3gc.cloudfront.net/imagery/assets/derivations/icon/512/512/true/eyJpZCI6ImU1MDMwZGIyMGNiOTQ2NWRlMWY3OWVkYmMxNGI4Zjg2Iiwic3RvcmFnZSI6InB1YmxpY19zdG9yZSJ9?signature=edda4faf145060b78b7a826b3d26392e4283e9f7f22cebee6de6f90f70d215de",
            "productDescription": "",
            "volume": "550ml"
        },
        "priceData": {
            "bestPrice": "4.70",
            "price": "4.70",
            "pricePerLitre": 8.545454545454545,
            "bestPricePerLitre": 8.545454545454545
        },
        "store": {
            "id": "5e755ec3d74776487106b4e4",
            "name": "Otautau"
        }
    },
    {
        "productData": {
            "name": "V Refresh Energy Drink Citrus Lemonade 500ml Can 500ml",
            "productId": "v-refresh-energy-drink-citrus-lemonade-500ml-can-500ml",
            "productShopPage": "https://plaza.store.supervalue.co.nz/lines/v-refresh-energy-drink-citrus-lemonade-500ml-can-500ml",
            "productImageURL": "https://dtgxwmigmg3gc.cloudfront.net/imagery/assets/derivations/icon/512/512/true/eyJpZCI6IjVlN2QyZDg4OTlkNWVhZDc1OTM3YzEwZDgwOTg1NjJmIiwic3RvcmFnZSI6InB1YmxpY19zdG9yZSJ9?signature=35586a0457373f804173605ba7f35fb0b256a119e67175911e869a6f42785c11",
            "productDescription": "",
            "volume": "500ml"
        },
        "priceData": {
            "bestPrice": "3.30",
            "price": "3.30",
            "pricePerLitre": 6.6,
            "bestPricePerLitre": 6.6
        },
        "store": {
            "id": "5e8256a46d8e694d90048161",
            "name": "Plaza"
        }
    },
    {
        "productData": {
            "name": "V Refresh Energy Drink Pineapple Watermelon 500ml Can 500ml",
            "productId": "v-refresh-energy-drink-pineapple-watermelon-500ml-can-500ml",
            "productShopPage": "https://plaza.store.supervalue.co.nz/lines/v-refresh-energy-drink-pineapple-watermelon-500ml-can-500ml",
            "productImageURL": "https://dtgxwmigmg3gc.cloudfront.net/imagery/assets/derivations/icon/512/512/true/eyJpZCI6IjgzMTBmY2EwMzFkODkxOTAxNDFmYWNhMjZhZmFlZTI0Iiwic3RvcmFnZSI6InB1YmxpY19zdG9yZSJ9?signature=2062a73b018e86e0e6858a08c9fea597971ea894ef5eee6cfb310bcaa3201c6f",
            "productDescription": "",
            "volume": "500ml"
        },
        "priceData": {
            "bestPrice": "3.30",
            "price": "3.30",
            "pricePerLitre": 6.6,
            "bestPricePerLitre": 6.6
        },
        "store": {
            "id": "5e8256a46d8e694d90048161",
            "name": "Plaza"
        }
    },
    {
        "productData": {
            "name": "Monster Energy Drink Ultra Gold 500ml",
            "productId": "monster-energy-drink-ultra-gold-500ml",
            "productShopPage": "https://plaza.store.supervalue.co.nz/lines/monster-energy-drink-ultra-gold-500ml",
            "productImageURL": "https://dtgxwmigmg3gc.cloudfront.net/imagery/assets/derivations/icon/512/512/true/eyJpZCI6ImM3MmEwNWIyMjE0YTAzMjcyNzFhYjMyZTI4Zjk4MGFhIiwic3RvcmFnZSI6InB1YmxpY19zdG9yZSJ9?signature=b4f295a92992569de94ae4176268ca4a850af7b8377f28e19d8ddb65e0e09cc2",
            "productDescription": "",
            "volume": "500ml"
        },
        "priceData": {
            "bestPrice": "3.60",
            "price": "3.60",
            "pricePerLitre": 7.2,
            "bestPricePerLitre": 7.2
        },
        "store": {
            "id": "5e8256a46d8e694d90048161",
            "name": "Plaza"
        }
    },
    {
        "productData": {
            "name": "Mother Kicked Apple 500ml",
            "productId": "mother-kicked-apple-500ml",
            "productShopPage": "https://plaza.store.supervalue.co.nz/lines/mother-kicked-apple-500ml",
            "productImageURL": "https://dtgxwmigmg3gc.cloudfront.net/imagery/assets/derivations/icon/512/512/true/eyJpZCI6IjNhZTlkYjkwYTM4MDFjMGEwYjUwYThhMDAwYjkyZjM0Iiwic3RvcmFnZSI6InB1YmxpY19zdG9yZSJ9?signature=c1a1db0a5d7b074c388cf08560fd44a4a2b6127821554198e54eeea8474325f6",
            "productDescription": "",
            "volume": "500ml"
        },
        "priceData": {
            "bestPrice": "3.20",
            "price": "3.20",
            "pricePerLitre": 6.4,
            "bestPricePerLitre": 6.4
        },
        "store": {
            "id": "5e8256a46d8e694d90048161",
            "name": "Plaza"
        }
    },
    {
        "productData": {
            "name": "Monster Energy Drink Ultra Paradise 500ml",
            "productId": "monster-energy-drink-ultra-paradise-500ml",
            "productShopPage": "https://plaza.store.supervalue.co.nz/lines/monster-energy-drink-ultra-paradise-500ml",
            "productImageURL": "https://dtgxwmigmg3gc.cloudfront.net/imagery/assets/derivations/icon/512/512/true/eyJpZCI6IjU3ZTFkM2FiYTM1NTE5MjBjNGY3YWQ1MDlmN2JiM2FiIiwic3RvcmFnZSI6InB1YmxpY19zdG9yZSJ9?signature=f112dbd2da966f41ee31deb58894dec2d4e327e223dcd676069650d679f43cb5",
            "productDescription": "",
            "volume": "500ml"
        },
        "priceData": {
            "bestPrice": "3.60",
            "price": "3.60",
            "pricePerLitre": 7.2,
            "bestPricePerLitre": 7.2
        },
        "store": {
            "id": "5e8256a46d8e694d90048161",
            "name": "Plaza"
        }
    },
    {
        "productData": {
            "name": "Monster Energy Ultra Zero 500ml Can 500ml",
            "productId": "monster-energy-ultra-zero-500ml",
            "productShopPage": "https://plaza.store.supervalue.co.nz/lines/monster-energy-ultra-zero-500ml",
            "productImageURL": "https://dtgxwmigmg3gc.cloudfront.net/imagery/assets/derivations/icon/512/512/true/eyJpZCI6IjE2ZDZhZmVkN2M0YjVjMzRmMjExNGJhNWQyMzhlOTQ4Iiwic3RvcmFnZSI6InB1YmxpY19zdG9yZSJ9?signature=10ef7ab522a8389710a24973bac3bd88af990f17b5da987fda62632f41e72ced",
            "productDescription": "",
            "volume": "500ml"
        },
        "priceData": {
            "bestPrice": "3.60",
            "price": "3.60",
            "pricePerLitre": 7.2,
            "bestPricePerLitre": 7.2
        },
        "store": {
            "id": "5e8256a46d8e694d90048161",
            "name": "Plaza"
        }
    },
    {
        "productData": {
            "name": "Monster Energy Green 500ml",
            "productId": "monster-energy-green-500ml",
            "productShopPage": "https://plaza.store.supervalue.co.nz/lines/monster-energy-green-500ml",
            "productImageURL": "https://dtgxwmigmg3gc.cloudfront.net/imagery/assets/derivations/icon/512/512/true/eyJpZCI6IjdlMWQ4YzE4OWEzYjkxOWExNTNiZDRmMGNhMjA0MGFjIiwic3RvcmFnZSI6InB1YmxpY19zdG9yZSJ9?signature=7d8e276d7131e46748c715b58473be8fec7d21f3d10abd6d108f8b0cb856d4a3",
            "productDescription": "",
            "volume": "500ml"
        },
        "priceData": {
            "bestPrice": "3.60",
            "price": "3.60",
            "pricePerLitre": 7.2,
            "bestPricePerLitre": 7.2
        },
        "store": {
            "id": "5e8256a46d8e694d90048161",
            "name": "Plaza"
        }
    },
    {
        "productData": {
            "name": "Monster Energy Drink Ultra Rosa 500ml",
            "productId": "monster-energy-drink-ultra-rosa-500ml",
            "productShopPage": "https://plaza.store.supervalue.co.nz/lines/monster-energy-drink-ultra-rosa-500ml",
            "productImageURL": "https://dtgxwmigmg3gc.cloudfront.net/imagery/assets/derivations/icon/512/512/true/eyJpZCI6IjBmZDhiOGI4MDk3NDYzMDI0ZGQ4OTdhYTk2ZmVmMmRiIiwic3RvcmFnZSI6InB1YmxpY19zdG9yZSJ9?signature=b524829083fd581b245f26f999cd130415f1b63b346277cf6a7a0faece216093",
            "productDescription": "",
            "volume": "500ml"
        },
        "priceData": {
            "bestPrice": "3.60",
            "price": "3.60",
            "pricePerLitre": 7.2,
            "bestPricePerLitre": 7.2
        },
        "store": {
            "id": "5e8256a46d8e694d90048161",
            "name": "Plaza"
        }
    },
    {
        "productData": {
            "name": "Mother Energy Drink Berry 500ml",
            "productId": "mother-energy-drink-berry-500ml",
            "productShopPage": "https://plaza.store.supervalue.co.nz/lines/mother-energy-drink-berry-500ml",
            "productImageURL": "https://dtgxwmigmg3gc.cloudfront.net/imagery/assets/derivations/icon/512/512/true/eyJpZCI6ImRhYTJlNjUzNzRjZjViNjI0ZDljNzUzNDA3YmE0ZDFkIiwic3RvcmFnZSI6InB1YmxpY19zdG9yZSJ9?signature=d9ffb465d71d599811c2ff7a788845bfe297eb3624ad7866a89cf0b3ece073f0",
            "productDescription": "",
            "volume": "500ml"
        },
        "priceData": {
            "bestPrice": "3.20",
            "price": "3.20",
            "pricePerLitre": 6.4,
            "bestPricePerLitre": 6.4
        },
        "store": {
            "id": "5e8256a46d8e694d90048161",
            "name": "Plaza"
        }
    },
    {
        "productData": {
            "name": "Mother Energy Drink Black 500ml",
            "productId": "mother-energy-drink-black-500ml",
            "productShopPage": "https://plaza.store.supervalue.co.nz/lines/mother-energy-drink-black-500ml",
            "productImageURL": "https://dtgxwmigmg3gc.cloudfront.net/imagery/assets/derivations/icon/512/512/true/eyJpZCI6ImYyMzA5MjhkYjg3ODFhYmYzZDU3ZjE1YjNmYzU2MWFjIiwic3RvcmFnZSI6InB1YmxpY19zdG9yZSJ9?signature=d3dbddb83d3d457075cd5d8936bef0c5b48fce4fa3fe725995d8b6d57219ceb5",
            "productDescription": "",
            "volume": "500ml"
        },
        "priceData": {
            "bestPrice": "3.20",
            "price": "3.20",
            "pricePerLitre": 6.4,
            "bestPricePerLitre": 6.4
        },
        "store": {
            "id": "5e8256a46d8e694d90048161",
            "name": "Plaza"
        }
    },
    {
        "productData": {
            "name": "Mother Energy Drink Passion 500ml",
            "productId": "mother-energy-drink-passion-500ml",
            "productShopPage": "https://plaza.store.supervalue.co.nz/lines/mother-energy-drink-passion-500ml",
            "productImageURL": "https://dtgxwmigmg3gc.cloudfront.net/imagery/assets/derivations/icon/512/512/true/eyJpZCI6ImFkZDQ3ZmI4MGJjMmU2ZTgxNDcxNDRhYWFmOWZkYzViIiwic3RvcmFnZSI6InB1YmxpY19zdG9yZSJ9?signature=c8aea44ce6ff965b9e87fcb9f60849b0328e9b8983b9d5547e51c910f8f5368b",
            "productDescription": "",
            "volume": "500ml"
        },
        "priceData": {
            "bestPrice": "3.20",
            "price": "3.20",
            "pricePerLitre": 6.4,
            "bestPricePerLitre": 6.4
        },
        "store": {
            "id": "5e8256a46d8e694d90048161",
            "name": "Plaza"
        }
    },
    {
        "productData": {
            "name": "Mother Tropical Blast 500ml",
            "productId": "mother-tropical-blast-500ml",
            "productShopPage": "https://plaza.store.supervalue.co.nz/lines/mother-tropical-blast-500ml",
            "productImageURL": "https://dtgxwmigmg3gc.cloudfront.net/imagery/assets/derivations/icon/512/512/true/eyJpZCI6IjY2ODFiOTc3MTY1OWVlZGI0YWU0ZDEwNmRkMWI3MTFmIiwic3RvcmFnZSI6InB1YmxpY19zdG9yZSJ9?signature=d1b01bfff1b3992a83da4126d87194cc3819f2c04c19ef718954650d0bb059a1",
            "productDescription": "",
            "volume": "500ml"
        },
        "priceData": {
            "bestPrice": "3.20",
            "price": "3.20",
            "pricePerLitre": 6.4,
            "bestPricePerLitre": 6.4
        },
        "store": {
            "id": "5e8256a46d8e694d90048161",
            "name": "Plaza"
        }
    },
    {
        "productData": {
            "name": "Mother Epic Swell Energy Drink Twisted Apple 500ml",
            "productId": "mother-epic-swell-energy-drink-twisted-apple-500ml",
            "productShopPage": "https://plaza.store.supervalue.co.nz/lines/mother-epic-swell-energy-drink-twisted-apple-500ml",
            "productImageURL": "https://dtgxwmigmg3gc.cloudfront.net/imagery/assets/derivations/icon/512/512/true/eyJpZCI6IjE3NGY3OWU3NDkwYTQ5MGE4NGFkNjYzZjVlODdjNzlmIiwic3RvcmFnZSI6InB1YmxpY19zdG9yZSJ9?signature=8b8c94eb83ff8e282e2c9309d499d02862cc0d052bea74cb186828b6e121cc4e",
            "productDescription": "",
            "volume": "500ml"
        },
        "priceData": {
            "bestPrice": "3.20",
            "price": "3.20",
            "pricePerLitre": 6.4,
            "bestPricePerLitre": 6.4
        },
        "store": {
            "id": "5e8256a46d8e694d90048161",
            "name": "Plaza"
        }
    },
    {
        "productData": {
            "name": "V Energy Drink Guarana 500ml",
            "productId": "v-energy-drink-guarana-500ml",
            "productShopPage": "https://plaza.store.supervalue.co.nz/lines/v-energy-drink-guarana-500ml",
            "productImageURL": "https://dtgxwmigmg3gc.cloudfront.net/imagery/assets/derivations/icon/512/512/true/eyJpZCI6IjgzZDAxMjhiMzg4NmEwZmE4YTE2ZjY2NWIzNmM2NzI2Iiwic3RvcmFnZSI6InB1YmxpY19zdG9yZSJ9?signature=f55ecc561066291a4e74a967db35ea2355f881bd1708bf400fd790032384ae4f",
            "productDescription": "",
            "volume": "500ml"
        },
        "priceData": {
            "bestPrice": "2.70",
            "price": "2.70",
            "pricePerLitre": 5.4,
            "bestPricePerLitre": 5.4
        },
        "store": {
            "id": "5e8256a46d8e694d90048161",
            "name": "Plaza"
        }
    },
    {
        "productData": {
            "name": "V Energy Drink Sugarfree 500ml",
            "productId": "v-energy-drink-sugarfree-500ml",
            "productShopPage": "https://plaza.store.supervalue.co.nz/lines/v-energy-drink-sugarfree-500ml",
            "productImageURL": "https://dtgxwmigmg3gc.cloudfront.net/imagery/assets/derivations/icon/512/512/true/eyJpZCI6ImVkZTAxNTNmMDI1NmU1NDZjNWQ5MTc3MjE3ZTQ3YTQ0Iiwic3RvcmFnZSI6InB1YmxpY19zdG9yZSJ9?signature=abcf72d9faa9ee3044eaa3b7ee0bf9b4fd8f582379018d8727f2234b7d3f3c85",
            "productDescription": "",
            "volume": "500ml"
        },
        "priceData": {
            "bestPrice": "2.70",
            "price": "2.70",
            "pricePerLitre": 5.4,
            "bestPricePerLitre": 5.4
        },
        "store": {
            "id": "5e8256a46d8e694d90048161",
            "name": "Plaza"
        }
    },
    {
        "productData": {
            "name": "V Energy Drink Sugar Free Guarana 250ml",
            "productId": "v-energy-drink-sugar-free-guarana-250ml",
            "productShopPage": "https://plaza.store.supervalue.co.nz/lines/v-energy-drink-sugar-free-guarana-250ml",
            "productImageURL": "https://dtgxwmigmg3gc.cloudfront.net/imagery/assets/derivations/icon/512/512/true/eyJpZCI6ImZiNzM1NmU4NTMyZDllODlkZTljZmNlOGY2MzQ5NGQwIiwic3RvcmFnZSI6InB1YmxpY19zdG9yZSJ9?signature=72b0ce0a48ca796717c115fe5e8b4564501470f63bf80ae865d26e9d131a2b8c",
            "productDescription": "",
            "volume": "250ml"
        },
        "priceData": {
            "bestPrice": "2.40",
            "price": "2.40",
            "pricePerLitre": 9.6,
            "bestPricePerLitre": 9.6
        },
        "store": {
            "id": "5e8256a46d8e694d90048161",
            "name": "Plaza"
        }
    },
    {
        "productData": {
            "name": "V Energy Drink Blue Guarana Spritzed 350ml",
            "productId": "v-blue-energy-drink-blue-guarana-spritzed-350ml",
            "productShopPage": "https://plaza.store.supervalue.co.nz/lines/v-blue-energy-drink-blue-guarana-spritzed-350ml",
            "productImageURL": "https://dtgxwmigmg3gc.cloudfront.net/imagery/assets/derivations/icon/512/512/true/eyJpZCI6ImY2OTRlZGI4NjdlNWMzZDM5NzgzMDQ0ODFkMzUxZGZiIiwic3RvcmFnZSI6InB1YmxpY19zdG9yZSJ9?signature=591b3079cb9c2407a29b3bc348eaf42dc1d34daba5c9d7aba65be654725b6719",
            "productDescription": "",
            "volume": "350ml"
        },
        "priceData": {
            "bestPrice": "4.00",
            "price": "4.00",
            "pricePerLitre": 11.428571428571429,
            "bestPricePerLitre": 11.428571428571429
        },
        "store": {
            "id": "5e8256a46d8e694d90048161",
            "name": "Plaza"
        }
    },
    {
        "productData": {
            "name": "V Energy Drink Green Guarana 350ml",
            "productId": "v-energy-drink-green-guarana-350ml",
            "productShopPage": "https://plaza.store.supervalue.co.nz/lines/v-energy-drink-green-guarana-350ml",
            "productImageURL": "https://dtgxwmigmg3gc.cloudfront.net/imagery/assets/derivations/icon/512/512/true/eyJpZCI6IjRiNjY4ZjYxOTQ2ODYyN2MzM2NiZWMyNGUyNmIyODk4Iiwic3RvcmFnZSI6InB1YmxpY19zdG9yZSJ9?signature=4cded9cb42349eef45a593461f311b1bb7fa881295733879671ad9fe9887d30c",
            "productDescription": "",
            "volume": "350ml"
        },
        "priceData": {
            "bestPrice": "4.00",
            "price": "4.00",
            "pricePerLitre": 11.428571428571429,
            "bestPricePerLitre": 11.428571428571429
        },
        "store": {
            "id": "5e8256a46d8e694d90048161",
            "name": "Plaza"
        }
    },
    {
        "productData": {
            "name": "V Energy Drink Guarana Can 250ml",
            "productId": "v-energy-drink-guarana-can-250ml",
            "productShopPage": "https://plaza.store.supervalue.co.nz/lines/v-energy-drink-guarana-can-250ml",
            "productImageURL": "https://dtgxwmigmg3gc.cloudfront.net/imagery/assets/derivations/icon/512/512/true/eyJpZCI6Ijc3Nzk1NjE2ZDhhNmFiMThhYzEzODYzOTg2ZmNkNzgwIiwic3RvcmFnZSI6InB1YmxpY19zdG9yZSJ9?signature=f5de1854d43e19cc62bff86893d4a55615cd916f8425a4dccd170b52eba81255",
            "productDescription": "",
            "volume": "250ml"
        },
        "priceData": {
            "bestPrice": "2.40",
            "price": "2.40",
            "pricePerLitre": 9.6,
            "bestPricePerLitre": 9.6
        },
        "store": {
            "id": "5e8256a46d8e694d90048161",
            "name": "Plaza"
        }
    },
    {
        "productData": {
            "name": "V Energy Drink Guarana Can 500ml",
            "productId": "v-energy-drink-guarana-can-500ml",
            "productShopPage": "https://plaza.store.supervalue.co.nz/lines/v-energy-drink-guarana-can-500ml",
            "productImageURL": "https://dtgxwmigmg3gc.cloudfront.net/imagery/assets/derivations/icon/512/512/true/eyJpZCI6ImI0NjgzNGZjNDRkMjU0MjgzYzJjZGNhMzA2NWIxYjA5Iiwic3RvcmFnZSI6InB1YmxpY19zdG9yZSJ9?signature=265e8273409849423466e7623cbbdf8352940707b8830803eec391e8f32c9c5f",
            "productDescription": "",
            "volume": "500ml"
        },
        "priceData": {
            "bestPrice": "4.00",
            "price": "4.00",
            "pricePerLitre": 8.0,
            "bestPricePerLitre": 8.0
        },
        "store": {
            "id": "5e8256a46d8e694d90048161",
            "name": "Plaza"
        }
    },
    {
        "productData": {
            "name": "V Energy Drink Raspberry Lemonade 350ml",
            "productId": "v-energy-drink-raspberry-lemonade-350ml",
            "productShopPage": "https://plaza.store.supervalue.co.nz/lines/v-energy-drink-raspberry-lemonade-350ml",
            "productImageURL": "https://dtgxwmigmg3gc.cloudfront.net/imagery/assets/derivations/icon/512/512/true/eyJpZCI6IjliNWMwMGJkN2IxYWRhY2UxNzU5NzY1ZTI4MjUzZDgyIiwic3RvcmFnZSI6InB1YmxpY19zdG9yZSJ9?signature=1813e587f3636e394a15aa9e19234f9343024a6880220b0dda0a5d69b1f1c010",
            "productDescription": "",
            "volume": "350ml"
        },
        "priceData": {
            "bestPrice": "4.00",
            "price": "4.00",
            "pricePerLitre": 11.428571428571429,
            "bestPricePerLitre": 11.428571428571429
        },
        "store": {
            "id": "5e8256a46d8e694d90048161",
            "name": "Plaza"
        }
    },
    {
        "productData": {
            "name": "V Energy Drink Sugar Free Guarana 500ml",
            "productId": "v-energy-drink-sugar-free-guarana-500ml",
            "productShopPage": "https://plaza.store.supervalue.co.nz/lines/v-energy-drink-sugar-free-guarana-500ml",
            "productImageURL": "https://dtgxwmigmg3gc.cloudfront.net/imagery/assets/derivations/icon/512/512/true/eyJpZCI6Ijg4MGExMDYxOTY4NTJiYzM1ZTExMmU2MGE2OWYxNDE3Iiwic3RvcmFnZSI6InB1YmxpY19zdG9yZSJ9?signature=b0536d25b9da8158705e24c88e21fabbf85c1dabc19f18108c386e956ffd7045",
            "productDescription": "",
            "volume": "500ml"
        },
        "priceData": {
            "bestPrice": "4.00",
            "price": "4.00",
            "pricePerLitre": 8.0,
            "bestPricePerLitre": 8.0
        },
        "store": {
            "id": "5e8256a46d8e694d90048161",
            "name": "Plaza"
        }
    },
    {
        "productData": {
            "name": "V Blue Energy Drink Bottle 500ml",
            "productId": "v-blue-energy-drink-bottle-500ml",
            "productShopPage": "https://plaza.store.supervalue.co.nz/lines/v-blue-energy-drink-bottle-500ml",
            "productImageURL": "https://dtgxwmigmg3gc.cloudfront.net/imagery/assets/derivations/icon/512/512/true/eyJpZCI6IjgyYWYxYWY4MGI4MzUxODhiYmVhZGVhM2U2NzY0MzI5Iiwic3RvcmFnZSI6InB1YmxpY19zdG9yZSJ9?signature=7e70fc576864a528a1431734d680cbf177a11b419a692dbfd34800c31b8944ec",
            "productDescription": "",
            "volume": "500ml"
        },
        "priceData": {
            "bestPrice": "2.70",
            "price": "2.70",
            "pricePerLitre": 5.4,
            "bestPricePerLitre": 5.4
        },
        "store": {
            "id": "5e8256a46d8e694d90048161",
            "name": "Plaza"
        }
    },
    {
        "productData": {
            "name": "V Blue Sugarfree Energy Drink 500ml",
            "productId": "v-blue-sugarfree-energy-drink-500ml",
            "productShopPage": "https://plaza.store.supervalue.co.nz/lines/v-blue-sugarfree-energy-drink-500ml",
            "productImageURL": "https://dtgxwmigmg3gc.cloudfront.net/imagery/assets/derivations/icon/512/512/true/eyJpZCI6ImVmYjQyOWRmM2JjZjc3NTY1ZDIwMTEyNTY0MDdmZjA1Iiwic3RvcmFnZSI6InB1YmxpY19zdG9yZSJ9?signature=2911d59474d8305039a3be3bef0f887c38d9ab84596314b13cc4b150101175ab",
            "productDescription": "",
            "volume": "500ml"
        },
        "priceData": {
            "bestPrice": "4.00",
            "price": "4.00",
            "pricePerLitre": 8.0,
            "bestPricePerLitre": 8.0
        },
        "store": {
            "id": "5e8256a46d8e694d90048161",
            "name": "Plaza"
        }
    },
    {
        "productData": {
            "name": "V Raspberry Lemonade Energy Drink 500ml",
            "productId": "v-energy-drink-raspberry-lemonade-500ml-can",
            "productShopPage": "https://plaza.store.supervalue.co.nz/lines/v-energy-drink-raspberry-lemonade-500ml-can",
            "productImageURL": "https://dtgxwmigmg3gc.cloudfront.net/imagery/assets/derivations/icon/512/512/true/eyJpZCI6ImE3N2Y5NzBmY2FhOWZhYmZiOTc3MmYyMzE4MGRiOTcxIiwic3RvcmFnZSI6InB1YmxpY19zdG9yZSJ9?signature=2bb7890fe6d7b0c0c6a522be31c78077be0aa570ca4c8aa5549ccf80761262dc",
            "productDescription": "",
            "volume": "500ml"
        },
        "priceData": {
            "bestPrice": "4.00",
            "price": "4.00",
            "pricePerLitre": 8.0,
            "bestPricePerLitre": 8.0
        },
        "store": {
            "id": "5e8256a46d8e694d90048161",
            "name": "Plaza"
        }
    },
    {
        "productData": {
            "name": "V Blue Energy Drink Blue Guarana Can 250ml",
            "productId": "v-blue-energy-drink-blue-guarana-can-250ml",
            "productShopPage": "https://plaza.store.supervalue.co.nz/lines/v-blue-energy-drink-blue-guarana-can-250ml",
            "productImageURL": "https://dtgxwmigmg3gc.cloudfront.net/imagery/assets/derivations/icon/512/512/true/eyJpZCI6IjBmZjQwNDEyZWQ2ZDk4YTg3YWQ2ZDUyMWZlNjM1YzJkIiwic3RvcmFnZSI6InB1YmxpY19zdG9yZSJ9?signature=8f745abe5614ec47b3d7a07f1a34ba529184a87b2a696211ba5a0f9f29c86bf0",
            "productDescription": "",
            "volume": "250ml"
        },
        "priceData": {
            "bestPrice": "2.40",
            "price": "2.40",
            "pricePerLitre": 9.6,
            "bestPricePerLitre": 9.6
        },
        "store": {
            "id": "5e8256a46d8e694d90048161",
            "name": "Plaza"
        }
    },
    {
        "productData": {
            "name": "V Blue Energy Drink Blue Guarana Can 500ml",
            "productId": "v-blue-energy-drink-blue-guarana-can-500ml",
            "productShopPage": "https://plaza.store.supervalue.co.nz/lines/v-blue-energy-drink-blue-guarana-can-500ml",
            "productImageURL": "https://dtgxwmigmg3gc.cloudfront.net/imagery/assets/derivations/icon/512/512/true/eyJpZCI6ImFmYjEyYjVjYTU2YWI5ZDJhMTVmNGY2MDg2NWFlNzgxIiwic3RvcmFnZSI6InB1YmxpY19zdG9yZSJ9?signature=b537a8cc5a2c0f90f1702b2c541db44c3a740a0ec4a96e92ab2d6537f9320e8d",
            "productDescription": "",
            "volume": "500ml"
        },
        "priceData": {
            "bestPrice": "4.00",
            "price": "4.00",
            "pricePerLitre": 8.0,
            "bestPricePerLitre": 8.0
        },
        "store": {
            "id": "5e8256a46d8e694d90048161",
            "name": "Plaza"
        }
    },
    {
        "productData": {
            "name": "V Energy Drink Sugar Free Guarana Bottle 350ml",
            "productId": "v-energy-drink-sugar-free-guarana-bottle-350ml",
            "productShopPage": "https://plaza.store.supervalue.co.nz/lines/v-energy-drink-sugar-free-guarana-bottle-350ml",
            "productImageURL": "https://dtgxwmigmg3gc.cloudfront.net/imagery/assets/derivations/icon/512/512/true/eyJpZCI6ImM4MGVkZDY3Mjg5MTdjYTdhMTgxMzUxMTVkZmFlNzcxIiwic3RvcmFnZSI6InB1YmxpY19zdG9yZSJ9?signature=bfa701331e490bfdd2ed98e1c24e4f875f18a45383fc75ce599441cb0aa072cd",
            "productDescription": "",
            "volume": "350ml"
        },
        "priceData": {
            "bestPrice": "4.00",
            "price": "4.00",
            "pricePerLitre": 11.428571428571429,
            "bestPricePerLitre": 11.428571428571429
        },
        "store": {
            "id": "5e8256a46d8e694d90048161",
            "name": "Plaza"
        }
    },
    {
        "productData": {
            "name": "V Pure Energy Drink Bottle 330ml",
            "productId": "v-pure-330ml-bottle",
            "productShopPage": "https://plaza.store.supervalue.co.nz/lines/v-pure-330ml-bottle",
            "productImageURL": "https://dtgxwmigmg3gc.cloudfront.net/imagery/assets/derivations/icon/512/512/true/eyJpZCI6ImFjZmFlNGE1MmQ1ZmNhOTVhN2IyNzdhOGQ3ZTBjNTY0Iiwic3RvcmFnZSI6InB1YmxpY19zdG9yZSJ9?signature=ff03797de044ef70d02854192249a79b3cd819353c7171ef7358378e76bfc089",
            "productDescription": "",
            "volume": "330ml"
        },
        "priceData": {
            "bestPrice": "3.69",
            "price": "3.69",
            "pricePerLitre": 11.181818181818182,
            "bestPricePerLitre": 11.181818181818182
        },
        "store": {
            "id": "5e8256a46d8e694d90048161",
            "name": "Plaza"
        }
    },
    {
        "productData": {
            "name": "Monster Energy Pipeline Punch 500ml",
            "productId": "monster-energy-pipeline-punch-500ml",
            "productShopPage": "https://plaza.store.supervalue.co.nz/lines/monster-energy-pipeline-punch-500ml",
            "productImageURL": "https://dtgxwmigmg3gc.cloudfront.net/imagery/assets/derivations/icon/512/512/true/eyJpZCI6IjBhODJhZGNkMWY5YThiMWQ5ZjY0YjRjNGE0YWQwMzMxIiwic3RvcmFnZSI6InB1YmxpY19zdG9yZSJ9?signature=7a4880545cb059c8f06a41c671fb0785b7cddf3903741ed2f081d6bcf2e5189f",
            "productDescription": "",
            "volume": "500ml"
        },
        "priceData": {
            "bestPrice": "3.60",
            "price": "3.60",
            "pricePerLitre": 7.2,
            "bestPricePerLitre": 7.2
        },
        "store": {
            "id": "5e8256a46d8e694d90048161",
            "name": "Plaza"
        }
    },
    {
        "productData": {
            "name": "Live Plus Energy Drink Citrus Flavour 500ml",
            "productId": "live-plus-persist-500ml",
            "productShopPage": "https://plaza.store.supervalue.co.nz/lines/live-plus-persist-500ml",
            "productImageURL": "https://dtgxwmigmg3gc.cloudfront.net/imagery/assets/derivations/icon/512/512/true/eyJpZCI6IjFlNWQ5YzI4OWM1N2UzNmYzZmI2NThlMDQzZTI3ZjE4Iiwic3RvcmFnZSI6InB1YmxpY19zdG9yZSJ9?signature=756b17fefe47174b90e7dbec8cd09db27f9f59f4994bc750b71256ae93ba9fa8",
            "productDescription": "",
            "volume": "500ml"
        },
        "priceData": {
            "bestPrice": "3.20",
            "price": "3.20",
            "pricePerLitre": 6.4,
            "bestPricePerLitre": 6.4
        },
        "store": {
            "id": "5e8256a46d8e694d90048161",
            "name": "Plaza"
        }
    },
    {
        "productData": {
            "name": "V Guarana Energy Drink Blue Sugarfree 250ml",
            "productId": "v-blue-sugarfree-energy-drink-250ml",
            "productShopPage": "https://plaza.store.supervalue.co.nz/lines/v-blue-sugarfree-energy-drink-250ml",
            "productImageURL": "https://dtgxwmigmg3gc.cloudfront.net/imagery/assets/derivations/icon/512/512/true/eyJpZCI6IjI3YWJiOTVhYjNhMjEwMDU2MWJhMmRhNTM3YjRhZjVmIiwic3RvcmFnZSI6InB1YmxpY19zdG9yZSJ9?signature=66769306ca1d0ba674603954d338186dc999f6d1839090d49fde9416b3252365",
            "productDescription": "",
            "volume": "250ml"
        },
        "priceData": {
            "bestPrice": "2.40",
            "price": "2.40",
            "pricePerLitre": 9.6,
            "bestPricePerLitre": 9.6
        },
        "store": {
            "id": "5e8256a46d8e694d90048161",
            "name": "Plaza"
        }
    },
    {
        "productData": {
            "name": "Live Plus Energy Drink Original Citrus Flavour 355ml",
            "productId": "live-plus-persist-glass-355ml",
            "productShopPage": "https://plaza.store.supervalue.co.nz/lines/live-plus-persist-glass-355ml",
            "productImageURL": "https://dtgxwmigmg3gc.cloudfront.net/imagery/assets/derivations/icon/512/512/true/eyJpZCI6ImYzMjZlMTdmMmI5ZGRjZGYzYmFmNzNiMWQzN2Y5NDI4Iiwic3RvcmFnZSI6InB1YmxpY19zdG9yZSJ9?signature=8fa31eb2b309e9c7a293ba2e7a7541e3cdc686b1d3f519044aa97c666ae5f630",
            "productDescription": "",
            "volume": "355ml"
        },
        "priceData": {
            "bestPrice": "2.20",
            "price": "2.20",
            "pricePerLitre": 6.197183098591549,
            "bestPricePerLitre": 6.197183098591549
        },
        "store": {
            "id": "5e8256a46d8e694d90048161",
            "name": "Plaza"
        }
    },
    {
        "productData": {
            "name": "Rockstar Original Energy Drink 500ml",
            "productId": "rockstar-original-energy-drink-500ml",
            "productShopPage": "https://plaza.store.supervalue.co.nz/lines/rockstar-original-energy-drink-500ml",
            "productImageURL": "https://dtgxwmigmg3gc.cloudfront.net/imagery/assets/derivations/icon/512/512/true/eyJpZCI6IjU3ZDZkYWUyNGJjNjZmNDNlOGIzY2VjNzUxMjRhMjI3Iiwic3RvcmFnZSI6InB1YmxpY19zdG9yZSJ9?signature=9188953bef1e966209f16fc8764ba247eac95345644fc57ad5992e177e099176",
            "productDescription": "",
            "volume": "500ml"
        },
        "priceData": {
            "bestPrice": "2.20",
            "price": "2.20",
            "pricePerLitre": 4.4,
            "bestPricePerLitre": 4.4
        },
        "store": {
            "id": "5e8256a46d8e694d90048161",
            "name": "Plaza"
        }
    },
    {
        "productData": {
            "name": "Rockstar Punched Energy Guava 500ml",
            "productId": "rockstar-punched-energy-guava-500ml",
            "productShopPage": "https://plaza.store.supervalue.co.nz/lines/rockstar-punched-energy-guava-500ml",
            "productImageURL": "https://dtgxwmigmg3gc.cloudfront.net/imagery/assets/derivations/icon/512/512/true/eyJpZCI6ImEzMDQwMDA1ZTlmNTRmNTczMTYzMDE1Yjk2NTFmZDIxIiwic3RvcmFnZSI6InB1YmxpY19zdG9yZSJ9?signature=bfb6b62e0f648da1212eb37234f40b47cf3251c956e2d837473e2acee3a5a4ef",
            "productDescription": "",
            "volume": "500ml"
        },
        "priceData": {
            "bestPrice": "2.20",
            "price": "2.20",
            "pricePerLitre": 4.4,
            "bestPricePerLitre": 4.4
        },
        "store": {
            "id": "5e8256a46d8e694d90048161",
            "name": "Plaza"
        }
    },
    {
        "productData": {
            "name": "Rockstar Energy Drink Blueberry Can 500ml",
            "productId": "rockstar-energy-drink-xdurance-blueberry-can-500ml",
            "productShopPage": "https://plaza.store.supervalue.co.nz/lines/rockstar-energy-drink-xdurance-blueberry-can-500ml",
            "productImageURL": "https://dtgxwmigmg3gc.cloudfront.net/imagery/assets/derivations/icon/512/512/true/eyJpZCI6ImI1N2Q4NGI2ZGNjM2JiNDYyNzE0MDM1NDBmNDFiMTczIiwic3RvcmFnZSI6InB1YmxpY19zdG9yZSJ9?signature=7e05418bac60cf5dc657a6490b215fa93221265cb5d03bdab391f3993e9949d7",
            "productDescription": "",
            "volume": "500ml"
        },
        "priceData": {
            "bestPrice": "2.20",
            "price": "2.20",
            "pricePerLitre": 4.4,
            "bestPricePerLitre": 4.4
        },
        "store": {
            "id": "5e8256a46d8e694d90048161",
            "name": "Plaza"
        }
    },
    {
        "productData": {
            "name": "Live Plus Energy Drink Sugar Free Citrus Flavour 250ml",
            "productId": "live-plus-zero-sug-citrus-500ml",
            "productShopPage": "https://plaza.store.supervalue.co.nz/lines/live-plus-zero-sug-citrus-500ml",
            "productImageURL": "https://dtgxwmigmg3gc.cloudfront.net/imagery/assets/derivations/icon/512/512/true/eyJpZCI6IjhkZGE2ODE2ZDc4Y2E5MmUxZTQ3YjAxOWExZjNlMTU5Iiwic3RvcmFnZSI6InB1YmxpY19zdG9yZSJ9?signature=ab72ec55544855bdd6eb188264cd302aac7f6bc747af365b1624653223d6953d",
            "productDescription": "",
            "volume": "250ml"
        },
        "priceData": {
            "bestPrice": "3.20",
            "price": "3.20",
            "pricePerLitre": 12.8,
            "bestPricePerLitre": 12.8
        },
        "store": {
            "id": "5e8256a46d8e694d90048161",
            "name": "Plaza"
        }
    },
    {
        "productData": {
            "name": "Live Plus Energy Drink Original Cans 250ml",
            "productId": "live-plus-energy-drink-original-cans-250ml",
            "productShopPage": "https://plaza.store.supervalue.co.nz/lines/live-plus-energy-drink-original-cans-250ml",
            "productImageURL": "https://dtgxwmigmg3gc.cloudfront.net/imagery/assets/derivations/icon/512/512/true/eyJpZCI6IjJkOWMwNTExZWI5MDY3MmRhYzk2OWQzYTlmMDZlMzg4Iiwic3RvcmFnZSI6InB1YmxpY19zdG9yZSJ9?signature=ca15999b181bd95a0f396d2cd4687f7864bd189801bd1939021ec51f40f803ee",
            "productDescription": "",
            "volume": "250ml"
        },
        "priceData": {
            "bestPrice": "2.50",
            "price": "2.50",
            "pricePerLitre": 10.0,
            "bestPricePerLitre": 10.0
        },
        "store": {
            "id": "5e8256a46d8e694d90048161",
            "name": "Plaza"
        }
    },
    {
        "productData": {
            "name": "Musashi Energy Drink Blue Raspberry 500ml",
            "productId": "musashi-energy-drink-blue-raspberry-500ml",
            "productShopPage": "https://plaza.store.supervalue.co.nz/lines/musashi-energy-drink-blue-raspberry-500ml",
            "productImageURL": "https://dtgxwmigmg3gc.cloudfront.net/imagery/assets/derivations/icon/512/512/true/eyJpZCI6IjE5MzNlYTI1Mjk2MTRjZTgwNmE0YThiZTU2NmRhMGI1Iiwic3RvcmFnZSI6InB1YmxpY19zdG9yZSJ9?signature=6f2e80fb21b91bb7d7f6ae2f6d711d7b645a3490600386d066f024d673ee01e2",
            "productDescription": "",
            "volume": "500ml"
        },
        "priceData": {
            "bestPrice": "3.50",
            "price": "3.50",
            "pricePerLitre": 7.0,
            "bestPricePerLitre": 7.0
        },
        "store": {
            "id": "5e8256a46d8e694d90048161",
            "name": "Plaza"
        }
    },
    {
        "productData": {
            "name": "Musashi Energy Drink Fruit Crush 500ml",
            "productId": "musashi-energy-drink-fruit-crush-500ml",
            "productShopPage": "https://plaza.store.supervalue.co.nz/lines/musashi-energy-drink-fruit-crush-500ml",
            "productImageURL": "https://dtgxwmigmg3gc.cloudfront.net/imagery/assets/derivations/icon/512/512/true/eyJpZCI6IjExMTJjZTJlMjEyYjI4NTgwZjE0ZGZlYjE5MTgzNTQ5Iiwic3RvcmFnZSI6InB1YmxpY19zdG9yZSJ9?signature=249030276f0de6f4760c079da56b20c58d0b82a78f36efe8fd80f2bbe4aed7d4",
            "productDescription": "",
            "volume": "500ml"
        },
        "priceData": {
            "bestPrice": "3.50",
            "price": "3.50",
            "pricePerLitre": 7.0,
            "bestPricePerLitre": 7.0
        },
        "store": {
            "id": "5e8256a46d8e694d90048161",
            "name": "Plaza"
        }
    },
    {
        "productData": {
            "name": "Musashi Energy Drink Purple Grape 500ml",
            "productId": "musashi-energy-drink-purple-grape-500ml",
            "productShopPage": "https://plaza.store.supervalue.co.nz/lines/musashi-energy-drink-purple-grape-500ml",
            "productImageURL": "https://dtgxwmigmg3gc.cloudfront.net/imagery/assets/derivations/icon/512/512/true/eyJpZCI6IjkxZGM0ODYyYmZhNGViMTkwM2U4MTYzM2FiMDYzMDdlIiwic3RvcmFnZSI6InB1YmxpY19zdG9yZSJ9?signature=d6ff84062f4b227aaf76b6e0be9ec9742734bc67867684146ce6624e4bcef6bd",
            "productDescription": "",
            "volume": "500ml"
        },
        "priceData": {
            "bestPrice": "3.50",
            "price": "3.50",
            "pricePerLitre": 7.0,
            "bestPricePerLitre": 7.0
        },
        "store": {
            "id": "5e8256a46d8e694d90048161",
            "name": "Plaza"
        }
    },
    {
        "productData": {
            "name": "Monster Super Fuel Tropical Thunder 550ml",
            "productId": "monster-super-fuel-tropical-thunder-550ml",
            "productShopPage": "https://plaza.store.supervalue.co.nz/lines/monster-super-fuel-tropical-thunder-550ml",
            "productImageURL": "https://dtgxwmigmg3gc.cloudfront.net/imagery/assets/derivations/icon/512/512/true/eyJpZCI6ImU1MDMwZGIyMGNiOTQ2NWRlMWY3OWVkYmMxNGI4Zjg2Iiwic3RvcmFnZSI6InB1YmxpY19zdG9yZSJ9?signature=edda4faf145060b78b7a826b3d26392e4283e9f7f22cebee6de6f90f70d215de",
            "productDescription": "",
            "volume": "550ml"
        },
        "priceData": {
            "bestPrice": "4.70",
            "price": "4.70",
            "pricePerLitre": 8.545454545454545,
            "bestPricePerLitre": 8.545454545454545
        },
        "store": {
            "id": "5e8256a46d8e694d90048161",
            "name": "Plaza"
        }
    },
    {
        "productData": {
            "name": "V Refresh Energy Drink Citrus Lemonade 500ml Can 500ml",
            "productId": "v-refresh-energy-drink-citrus-lemonade-500ml-can-500ml",
            "productShopPage": "https://reefton.store.supervalue.co.nz/lines/v-refresh-energy-drink-citrus-lemonade-500ml-can-500ml",
            "productImageURL": "https://dtgxwmigmg3gc.cloudfront.net/imagery/assets/derivations/icon/512/512/true/eyJpZCI6IjVlN2QyZDg4OTlkNWVhZDc1OTM3YzEwZDgwOTg1NjJmIiwic3RvcmFnZSI6InB1YmxpY19zdG9yZSJ9?signature=35586a0457373f804173605ba7f35fb0b256a119e67175911e869a6f42785c11",
            "productDescription": "",
            "volume": "500ml"
        },
        "priceData": {
            "bestPrice": "3.30",
            "price": "3.30",
            "pricePerLitre": 6.6,
            "bestPricePerLitre": 6.6
        },
        "store": {
            "id": "5e755fca1db5f55ff0097a16",
            "name": "Reefton"
        }
    },
    {
        "productData": {
            "name": "V Refresh Energy Drink Pineapple Watermelon 500ml Can 500ml",
            "productId": "v-refresh-energy-drink-pineapple-watermelon-500ml-can-500ml",
            "productShopPage": "https://reefton.store.supervalue.co.nz/lines/v-refresh-energy-drink-pineapple-watermelon-500ml-can-500ml",
            "productImageURL": "https://dtgxwmigmg3gc.cloudfront.net/imagery/assets/derivations/icon/512/512/true/eyJpZCI6IjgzMTBmY2EwMzFkODkxOTAxNDFmYWNhMjZhZmFlZTI0Iiwic3RvcmFnZSI6InB1YmxpY19zdG9yZSJ9?signature=2062a73b018e86e0e6858a08c9fea597971ea894ef5eee6cfb310bcaa3201c6f",
            "productDescription": "",
            "volume": "500ml"
        },
        "priceData": {
            "bestPrice": "3.30",
            "price": "3.30",
            "pricePerLitre": 6.6,
            "bestPricePerLitre": 6.6
        },
        "store": {
            "id": "5e755fca1db5f55ff0097a16",
            "name": "Reefton"
        }
    },
    {
        "productData": {
            "name": "Monster Energy Drink Ultra Gold 500ml",
            "productId": "monster-energy-drink-ultra-gold-500ml",
            "productShopPage": "https://reefton.store.supervalue.co.nz/lines/monster-energy-drink-ultra-gold-500ml",
            "productImageURL": "https://dtgxwmigmg3gc.cloudfront.net/imagery/assets/derivations/icon/512/512/true/eyJpZCI6ImM3MmEwNWIyMjE0YTAzMjcyNzFhYjMyZTI4Zjk4MGFhIiwic3RvcmFnZSI6InB1YmxpY19zdG9yZSJ9?signature=b4f295a92992569de94ae4176268ca4a850af7b8377f28e19d8ddb65e0e09cc2",
            "productDescription": "",
            "volume": "500ml"
        },
        "priceData": {
            "bestPrice": "3.60",
            "price": "3.60",
            "pricePerLitre": 7.2,
            "bestPricePerLitre": 7.2
        },
        "store": {
            "id": "5e755fca1db5f55ff0097a16",
            "name": "Reefton"
        }
    },
    {
        "productData": {
            "name": "Mother Kicked Apple 500ml",
            "productId": "mother-kicked-apple-500ml",
            "productShopPage": "https://reefton.store.supervalue.co.nz/lines/mother-kicked-apple-500ml",
            "productImageURL": "https://dtgxwmigmg3gc.cloudfront.net/imagery/assets/derivations/icon/512/512/true/eyJpZCI6IjNhZTlkYjkwYTM4MDFjMGEwYjUwYThhMDAwYjkyZjM0Iiwic3RvcmFnZSI6InB1YmxpY19zdG9yZSJ9?signature=c1a1db0a5d7b074c388cf08560fd44a4a2b6127821554198e54eeea8474325f6",
            "productDescription": "",
            "volume": "500ml"
        },
        "priceData": {
            "bestPrice": "2.20",
            "price": "2.20",
            "pricePerLitre": 4.4,
            "bestPricePerLitre": 4.4
        },
        "store": {
            "id": "5e755fca1db5f55ff0097a16",
            "name": "Reefton"
        }
    },
    {
        "productData": {
            "name": "Monster Energy Drink Ultra Paradise 500ml",
            "productId": "monster-energy-drink-ultra-paradise-500ml",
            "productShopPage": "https://reefton.store.supervalue.co.nz/lines/monster-energy-drink-ultra-paradise-500ml",
            "productImageURL": "https://dtgxwmigmg3gc.cloudfront.net/imagery/assets/derivations/icon/512/512/true/eyJpZCI6IjU3ZTFkM2FiYTM1NTE5MjBjNGY3YWQ1MDlmN2JiM2FiIiwic3RvcmFnZSI6InB1YmxpY19zdG9yZSJ9?signature=f112dbd2da966f41ee31deb58894dec2d4e327e223dcd676069650d679f43cb5",
            "productDescription": "",
            "volume": "500ml"
        },
        "priceData": {
            "bestPrice": "3.60",
            "price": "3.60",
            "pricePerLitre": 7.2,
            "bestPricePerLitre": 7.2
        },
        "store": {
            "id": "5e755fca1db5f55ff0097a16",
            "name": "Reefton"
        }
    },
    {
        "productData": {
            "name": "Monster Energy Ultra Zero 500ml Can 500ml",
            "productId": "monster-energy-ultra-zero-500ml",
            "productShopPage": "https://reefton.store.supervalue.co.nz/lines/monster-energy-ultra-zero-500ml",
            "productImageURL": "https://dtgxwmigmg3gc.cloudfront.net/imagery/assets/derivations/icon/512/512/true/eyJpZCI6IjE2ZDZhZmVkN2M0YjVjMzRmMjExNGJhNWQyMzhlOTQ4Iiwic3RvcmFnZSI6InB1YmxpY19zdG9yZSJ9?signature=10ef7ab522a8389710a24973bac3bd88af990f17b5da987fda62632f41e72ced",
            "productDescription": "",
            "volume": "500ml"
        },
        "priceData": {
            "bestPrice": "3.60",
            "price": "3.60",
            "pricePerLitre": 7.2,
            "bestPricePerLitre": 7.2
        },
        "store": {
            "id": "5e755fca1db5f55ff0097a16",
            "name": "Reefton"
        }
    },
    {
        "productData": {
            "name": "Monster Energy Green 500ml",
            "productId": "monster-energy-green-500ml",
            "productShopPage": "https://reefton.store.supervalue.co.nz/lines/monster-energy-green-500ml",
            "productImageURL": "https://dtgxwmigmg3gc.cloudfront.net/imagery/assets/derivations/icon/512/512/true/eyJpZCI6IjdlMWQ4YzE4OWEzYjkxOWExNTNiZDRmMGNhMjA0MGFjIiwic3RvcmFnZSI6InB1YmxpY19zdG9yZSJ9?signature=7d8e276d7131e46748c715b58473be8fec7d21f3d10abd6d108f8b0cb856d4a3",
            "productDescription": "",
            "volume": "500ml"
        },
        "priceData": {
            "bestPrice": "3.60",
            "price": "3.60",
            "pricePerLitre": 7.2,
            "bestPricePerLitre": 7.2
        },
        "store": {
            "id": "5e755fca1db5f55ff0097a16",
            "name": "Reefton"
        }
    },
    {
        "productData": {
            "name": "Monster Energy Drink Ultra Rosa 500ml",
            "productId": "monster-energy-drink-ultra-rosa-500ml",
            "productShopPage": "https://reefton.store.supervalue.co.nz/lines/monster-energy-drink-ultra-rosa-500ml",
            "productImageURL": "https://dtgxwmigmg3gc.cloudfront.net/imagery/assets/derivations/icon/512/512/true/eyJpZCI6IjBmZDhiOGI4MDk3NDYzMDI0ZGQ4OTdhYTk2ZmVmMmRiIiwic3RvcmFnZSI6InB1YmxpY19zdG9yZSJ9?signature=b524829083fd581b245f26f999cd130415f1b63b346277cf6a7a0faece216093",
            "productDescription": "",
            "volume": "500ml"
        },
        "priceData": {
            "bestPrice": "3.60",
            "price": "3.60",
            "pricePerLitre": 7.2,
            "bestPricePerLitre": 7.2
        },
        "store": {
            "id": "5e755fca1db5f55ff0097a16",
            "name": "Reefton"
        }
    },
    {
        "productData": {
            "name": "Mother Energy Drink Berry 500ml",
            "productId": "mother-energy-drink-berry-500ml",
            "productShopPage": "https://reefton.store.supervalue.co.nz/lines/mother-energy-drink-berry-500ml",
            "productImageURL": "https://dtgxwmigmg3gc.cloudfront.net/imagery/assets/derivations/icon/512/512/true/eyJpZCI6ImRhYTJlNjUzNzRjZjViNjI0ZDljNzUzNDA3YmE0ZDFkIiwic3RvcmFnZSI6InB1YmxpY19zdG9yZSJ9?signature=d9ffb465d71d599811c2ff7a788845bfe297eb3624ad7866a89cf0b3ece073f0",
            "productDescription": "",
            "volume": "500ml"
        },
        "priceData": {
            "bestPrice": "2.20",
            "price": "2.20",
            "pricePerLitre": 4.4,
            "bestPricePerLitre": 4.4
        },
        "store": {
            "id": "5e755fca1db5f55ff0097a16",
            "name": "Reefton"
        }
    },
    {
        "productData": {
            "name": "Mother Energy Drink Black 500ml",
            "productId": "mother-energy-drink-black-500ml",
            "productShopPage": "https://reefton.store.supervalue.co.nz/lines/mother-energy-drink-black-500ml",
            "productImageURL": "https://dtgxwmigmg3gc.cloudfront.net/imagery/assets/derivations/icon/512/512/true/eyJpZCI6ImYyMzA5MjhkYjg3ODFhYmYzZDU3ZjE1YjNmYzU2MWFjIiwic3RvcmFnZSI6InB1YmxpY19zdG9yZSJ9?signature=d3dbddb83d3d457075cd5d8936bef0c5b48fce4fa3fe725995d8b6d57219ceb5",
            "productDescription": "",
            "volume": "500ml"
        },
        "priceData": {
            "bestPrice": "2.20",
            "price": "2.20",
            "pricePerLitre": 4.4,
            "bestPricePerLitre": 4.4
        },
        "store": {
            "id": "5e755fca1db5f55ff0097a16",
            "name": "Reefton"
        }
    },
    {
        "productData": {
            "name": "Mother Energy Drink Cans 250ml 6 Pack",
            "productId": "mother-energy-drink-6x250ml-cans",
            "productShopPage": "https://reefton.store.supervalue.co.nz/lines/mother-energy-drink-6x250ml-cans",
            "productImageURL": "https://dtgxwmigmg3gc.cloudfront.net/imagery/assets/derivations/icon/512/512/true/eyJpZCI6IjEyOGFhMmU0Y2VkYTU4ZWFkZmVhOWUwZjdlNTZhOTA4Iiwic3RvcmFnZSI6InB1YmxpY19zdG9yZSJ9?signature=5db1908f64527cf28fa7bf3266a83ab854a07ca50453511f7d414d8e6d5c10fb",
            "productDescription": "",
            "volume": "250ml"
        },
        "priceData": {
            "bestPrice": "8.00",
            "price": "8.00",
            "pricePerLitre": 32.0,
            "bestPricePerLitre": 32.0
        },
        "store": {
            "id": "5e755fca1db5f55ff0097a16",
            "name": "Reefton"
        }
    },
    {
        "productData": {
            "name": "Mother Energy Drink Passion 500ml",
            "productId": "mother-energy-drink-passion-500ml",
            "productShopPage": "https://reefton.store.supervalue.co.nz/lines/mother-energy-drink-passion-500ml",
            "productImageURL": "https://dtgxwmigmg3gc.cloudfront.net/imagery/assets/derivations/icon/512/512/true/eyJpZCI6ImFkZDQ3ZmI4MGJjMmU2ZTgxNDcxNDRhYWFmOWZkYzViIiwic3RvcmFnZSI6InB1YmxpY19zdG9yZSJ9?signature=c8aea44ce6ff965b9e87fcb9f60849b0328e9b8983b9d5547e51c910f8f5368b",
            "productDescription": "",
            "volume": "500ml"
        },
        "priceData": {
            "bestPrice": "2.20",
            "price": "2.20",
            "pricePerLitre": 4.4,
            "bestPricePerLitre": 4.4
        },
        "store": {
            "id": "5e755fca1db5f55ff0097a16",
            "name": "Reefton"
        }
    },
    {
        "productData": {
            "name": "Mother Tropical Blast 500ml",
            "productId": "mother-tropical-blast-500ml",
            "productShopPage": "https://reefton.store.supervalue.co.nz/lines/mother-tropical-blast-500ml",
            "productImageURL": "https://dtgxwmigmg3gc.cloudfront.net/imagery/assets/derivations/icon/512/512/true/eyJpZCI6IjY2ODFiOTc3MTY1OWVlZGI0YWU0ZDEwNmRkMWI3MTFmIiwic3RvcmFnZSI6InB1YmxpY19zdG9yZSJ9?signature=d1b01bfff1b3992a83da4126d87194cc3819f2c04c19ef718954650d0bb059a1",
            "productDescription": "",
            "volume": "500ml"
        },
        "priceData": {
            "bestPrice": "2.20",
            "price": "2.20",
            "pricePerLitre": 4.4,
            "bestPricePerLitre": 4.4
        },
        "store": {
            "id": "5e755fca1db5f55ff0097a16",
            "name": "Reefton"
        }
    },
    {
        "productData": {
            "name": "Mother Can Energy 250ml",
            "productId": "mother-can-energy-250ml",
            "productShopPage": "https://reefton.store.supervalue.co.nz/lines/mother-can-energy-250ml",
            "productImageURL": "https://dtgxwmigmg3gc.cloudfront.net/imagery/assets/derivations/icon/512/512/true/eyJpZCI6IjVhOTg3YmMxMjJjMGU2MTcxY2VhNzRjMmY0YzdmNDc2Iiwic3RvcmFnZSI6InB1YmxpY19zdG9yZSJ9?signature=b86ce206a3fb5a708e03da17f785e4d2d6e9436aae122f10ca04f56e5325a61f",
            "productDescription": "",
            "volume": "250ml"
        },
        "priceData": {
            "bestPrice": "2.60",
            "price": "2.60",
            "pricePerLitre": 10.4,
            "bestPricePerLitre": 10.4
        },
        "store": {
            "id": "5e755fca1db5f55ff0097a16",
            "name": "Reefton"
        }
    },
    {
        "productData": {
            "name": "Mother Epic Swell Energy Drink Twisted Apple 500ml",
            "productId": "mother-epic-swell-energy-drink-twisted-apple-500ml",
            "productShopPage": "https://reefton.store.supervalue.co.nz/lines/mother-epic-swell-energy-drink-twisted-apple-500ml",
            "productImageURL": "https://dtgxwmigmg3gc.cloudfront.net/imagery/assets/derivations/icon/512/512/true/eyJpZCI6IjE3NGY3OWU3NDkwYTQ5MGE4NGFkNjYzZjVlODdjNzlmIiwic3RvcmFnZSI6InB1YmxpY19zdG9yZSJ9?signature=8b8c94eb83ff8e282e2c9309d499d02862cc0d052bea74cb186828b6e121cc4e",
            "productDescription": "",
            "volume": "500ml"
        },
        "priceData": {
            "bestPrice": "2.20",
            "price": "2.20",
            "pricePerLitre": 4.4,
            "bestPricePerLitre": 4.4
        },
        "store": {
            "id": "5e755fca1db5f55ff0097a16",
            "name": "Reefton"
        }
    },
    {
        "productData": {
            "name": "Monster Energy Juice Mango Loco 500ml",
            "productId": "monster-energy-juice-mango-loco-500ml-can",
            "productShopPage": "https://reefton.store.supervalue.co.nz/lines/monster-energy-juice-mango-loco-500ml-can",
            "productImageURL": "https://dtgxwmigmg3gc.cloudfront.net/imagery/assets/derivations/icon/512/512/true/eyJpZCI6ImFiNTMzOTMyOWEwYWQ0NzdjMjJjNjlkMzQxZTNhOGQxIiwic3RvcmFnZSI6InB1YmxpY19zdG9yZSJ9?signature=68e99f74abe4c896ded0dd7313a3b51988c1e1a783fd4322eb0d59affb53ec54",
            "productDescription": "",
            "volume": "500ml"
        },
        "priceData": {
            "bestPrice": "3.60",
            "price": "3.60",
            "pricePerLitre": 7.2,
            "bestPricePerLitre": 7.2
        },
        "store": {
            "id": "5e755fca1db5f55ff0097a16",
            "name": "Reefton"
        }
    },
    {
        "productData": {
            "name": "V Energy Drink Guarana 500ml",
            "productId": "v-energy-drink-guarana-500ml",
            "productShopPage": "https://reefton.store.supervalue.co.nz/lines/v-energy-drink-guarana-500ml",
            "productImageURL": "https://dtgxwmigmg3gc.cloudfront.net/imagery/assets/derivations/icon/512/512/true/eyJpZCI6IjgzZDAxMjhiMzg4NmEwZmE4YTE2ZjY2NWIzNmM2NzI2Iiwic3RvcmFnZSI6InB1YmxpY19zdG9yZSJ9?signature=f55ecc561066291a4e74a967db35ea2355f881bd1708bf400fd790032384ae4f",
            "productDescription": "",
            "volume": "500ml"
        },
        "priceData": {
            "bestPrice": "2.80",
            "price": "2.80",
            "pricePerLitre": 5.6,
            "bestPricePerLitre": 5.6
        },
        "store": {
            "id": "5e755fca1db5f55ff0097a16",
            "name": "Reefton"
        }
    },
    {
        "productData": {
            "name": "V Energy Drink Sugar Free Guarana 250ml",
            "productId": "v-energy-drink-sugar-free-guarana-250ml",
            "productShopPage": "https://reefton.store.supervalue.co.nz/lines/v-energy-drink-sugar-free-guarana-250ml",
            "productImageURL": "https://dtgxwmigmg3gc.cloudfront.net/imagery/assets/derivations/icon/512/512/true/eyJpZCI6ImZiNzM1NmU4NTMyZDllODlkZTljZmNlOGY2MzQ5NGQwIiwic3RvcmFnZSI6InB1YmxpY19zdG9yZSJ9?signature=72b0ce0a48ca796717c115fe5e8b4564501470f63bf80ae865d26e9d131a2b8c",
            "productDescription": "",
            "volume": "250ml"
        },
        "priceData": {
            "bestPrice": "2.40",
            "price": "2.40",
            "pricePerLitre": 9.6,
            "bestPricePerLitre": 9.6
        },
        "store": {
            "id": "5e755fca1db5f55ff0097a16",
            "name": "Reefton"
        }
    },
    {
        "productData": {
            "name": "V Energy Drink Blue Guarana Spritzed 350ml",
            "productId": "v-blue-energy-drink-blue-guarana-spritzed-350ml",
            "productShopPage": "https://reefton.store.supervalue.co.nz/lines/v-blue-energy-drink-blue-guarana-spritzed-350ml",
            "productImageURL": "https://dtgxwmigmg3gc.cloudfront.net/imagery/assets/derivations/icon/512/512/true/eyJpZCI6ImY2OTRlZGI4NjdlNWMzZDM5NzgzMDQ0ODFkMzUxZGZiIiwic3RvcmFnZSI6InB1YmxpY19zdG9yZSJ9?signature=591b3079cb9c2407a29b3bc348eaf42dc1d34daba5c9d7aba65be654725b6719",
            "productDescription": "",
            "volume": "350ml"
        },
        "priceData": {
            "bestPrice": "4.00",
            "price": "4.00",
            "pricePerLitre": 11.428571428571429,
            "bestPricePerLitre": 11.428571428571429
        },
        "store": {
            "id": "5e755fca1db5f55ff0097a16",
            "name": "Reefton"
        }
    },
    {
        "productData": {
            "name": "V Energy Drink Green Guarana 350ml",
            "productId": "v-energy-drink-green-guarana-350ml",
            "productShopPage": "https://reefton.store.supervalue.co.nz/lines/v-energy-drink-green-guarana-350ml",
            "productImageURL": "https://dtgxwmigmg3gc.cloudfront.net/imagery/assets/derivations/icon/512/512/true/eyJpZCI6IjRiNjY4ZjYxOTQ2ODYyN2MzM2NiZWMyNGUyNmIyODk4Iiwic3RvcmFnZSI6InB1YmxpY19zdG9yZSJ9?signature=4cded9cb42349eef45a593461f311b1bb7fa881295733879671ad9fe9887d30c",
            "productDescription": "",
            "volume": "350ml"
        },
        "priceData": {
            "bestPrice": "4.00",
            "price": "4.00",
            "pricePerLitre": 11.428571428571429,
            "bestPricePerLitre": 11.428571428571429
        },
        "store": {
            "id": "5e755fca1db5f55ff0097a16",
            "name": "Reefton"
        }
    },
    {
        "productData": {
            "name": "V Energy Drink Guarana Can 250ml",
            "productId": "v-energy-drink-guarana-can-250ml",
            "productShopPage": "https://reefton.store.supervalue.co.nz/lines/v-energy-drink-guarana-can-250ml",
            "productImageURL": "https://dtgxwmigmg3gc.cloudfront.net/imagery/assets/derivations/icon/512/512/true/eyJpZCI6Ijc3Nzk1NjE2ZDhhNmFiMThhYzEzODYzOTg2ZmNkNzgwIiwic3RvcmFnZSI6InB1YmxpY19zdG9yZSJ9?signature=f5de1854d43e19cc62bff86893d4a55615cd916f8425a4dccd170b52eba81255",
            "productDescription": "",
            "volume": "250ml"
        },
        "priceData": {
            "bestPrice": "2.40",
            "price": "2.40",
            "pricePerLitre": 9.6,
            "bestPricePerLitre": 9.6
        },
        "store": {
            "id": "5e755fca1db5f55ff0097a16",
            "name": "Reefton"
        }
    },
    {
        "productData": {
            "name": "V Energy Drink Guarana Can 500ml",
            "productId": "v-energy-drink-guarana-can-500ml",
            "productShopPage": "https://reefton.store.supervalue.co.nz/lines/v-energy-drink-guarana-can-500ml",
            "productImageURL": "https://dtgxwmigmg3gc.cloudfront.net/imagery/assets/derivations/icon/512/512/true/eyJpZCI6ImI0NjgzNGZjNDRkMjU0MjgzYzJjZGNhMzA2NWIxYjA5Iiwic3RvcmFnZSI6InB1YmxpY19zdG9yZSJ9?signature=265e8273409849423466e7623cbbdf8352940707b8830803eec391e8f32c9c5f",
            "productDescription": "",
            "volume": "500ml"
        },
        "priceData": {
            "bestPrice": "4.00",
            "price": "4.00",
            "pricePerLitre": 8.0,
            "bestPricePerLitre": 8.0
        },
        "store": {
            "id": "5e755fca1db5f55ff0097a16",
            "name": "Reefton"
        }
    },
    {
        "productData": {
            "name": "V Energy Drink Sugar Free Guarana 500ml",
            "productId": "v-energy-drink-sugar-free-guarana-500ml",
            "productShopPage": "https://reefton.store.supervalue.co.nz/lines/v-energy-drink-sugar-free-guarana-500ml",
            "productImageURL": "https://dtgxwmigmg3gc.cloudfront.net/imagery/assets/derivations/icon/512/512/true/eyJpZCI6Ijg4MGExMDYxOTY4NTJiYzM1ZTExMmU2MGE2OWYxNDE3Iiwic3RvcmFnZSI6InB1YmxpY19zdG9yZSJ9?signature=b0536d25b9da8158705e24c88e21fabbf85c1dabc19f18108c386e956ffd7045",
            "productDescription": "",
            "volume": "500ml"
        },
        "priceData": {
            "bestPrice": "4.00",
            "price": "4.00",
            "pricePerLitre": 8.0,
            "bestPricePerLitre": 8.0
        },
        "store": {
            "id": "5e755fca1db5f55ff0097a16",
            "name": "Reefton"
        }
    },
    {
        "productData": {
            "name": "V Blue Energy Drink Bottle 500ml",
            "productId": "v-blue-energy-drink-bottle-500ml",
            "productShopPage": "https://reefton.store.supervalue.co.nz/lines/v-blue-energy-drink-bottle-500ml",
            "productImageURL": "https://dtgxwmigmg3gc.cloudfront.net/imagery/assets/derivations/icon/512/512/true/eyJpZCI6IjgyYWYxYWY4MGI4MzUxODhiYmVhZGVhM2U2NzY0MzI5Iiwic3RvcmFnZSI6InB1YmxpY19zdG9yZSJ9?signature=7e70fc576864a528a1431734d680cbf177a11b419a692dbfd34800c31b8944ec",
            "productDescription": "",
            "volume": "500ml"
        },
        "priceData": {
            "bestPrice": "2.80",
            "price": "2.80",
            "pricePerLitre": 5.6,
            "bestPricePerLitre": 5.6
        },
        "store": {
            "id": "5e755fca1db5f55ff0097a16",
            "name": "Reefton"
        }
    },
    {
        "productData": {
            "name": "V Blue Sugarfree Energy Drink 500ml",
            "productId": "v-blue-sugarfree-energy-drink-500ml",
            "productShopPage": "https://reefton.store.supervalue.co.nz/lines/v-blue-sugarfree-energy-drink-500ml",
            "productImageURL": "https://dtgxwmigmg3gc.cloudfront.net/imagery/assets/derivations/icon/512/512/true/eyJpZCI6ImVmYjQyOWRmM2JjZjc3NTY1ZDIwMTEyNTY0MDdmZjA1Iiwic3RvcmFnZSI6InB1YmxpY19zdG9yZSJ9?signature=2911d59474d8305039a3be3bef0f887c38d9ab84596314b13cc4b150101175ab",
            "productDescription": "",
            "volume": "500ml"
        },
        "priceData": {
            "bestPrice": "4.00",
            "price": "4.00",
            "pricePerLitre": 8.0,
            "bestPricePerLitre": 8.0
        },
        "store": {
            "id": "5e755fca1db5f55ff0097a16",
            "name": "Reefton"
        }
    },
    {
        "productData": {
            "name": "V Blue Energy Drink Blue Guarana Can 250ml",
            "productId": "v-blue-energy-drink-blue-guarana-can-250ml",
            "productShopPage": "https://reefton.store.supervalue.co.nz/lines/v-blue-energy-drink-blue-guarana-can-250ml",
            "productImageURL": "https://dtgxwmigmg3gc.cloudfront.net/imagery/assets/derivations/icon/512/512/true/eyJpZCI6IjBmZjQwNDEyZWQ2ZDk4YTg3YWQ2ZDUyMWZlNjM1YzJkIiwic3RvcmFnZSI6InB1YmxpY19zdG9yZSJ9?signature=8f745abe5614ec47b3d7a07f1a34ba529184a87b2a696211ba5a0f9f29c86bf0",
            "productDescription": "",
            "volume": "250ml"
        },
        "priceData": {
            "bestPrice": "2.40",
            "price": "2.40",
            "pricePerLitre": 9.6,
            "bestPricePerLitre": 9.6
        },
        "store": {
            "id": "5e755fca1db5f55ff0097a16",
            "name": "Reefton"
        }
    },
    {
        "productData": {
            "name": "V Blue Energy Drink Blue Guarana Can 500ml",
            "productId": "v-blue-energy-drink-blue-guarana-can-500ml",
            "productShopPage": "https://reefton.store.supervalue.co.nz/lines/v-blue-energy-drink-blue-guarana-can-500ml",
            "productImageURL": "https://dtgxwmigmg3gc.cloudfront.net/imagery/assets/derivations/icon/512/512/true/eyJpZCI6ImFmYjEyYjVjYTU2YWI5ZDJhMTVmNGY2MDg2NWFlNzgxIiwic3RvcmFnZSI6InB1YmxpY19zdG9yZSJ9?signature=b537a8cc5a2c0f90f1702b2c541db44c3a740a0ec4a96e92ab2d6537f9320e8d",
            "productDescription": "",
            "volume": "500ml"
        },
        "priceData": {
            "bestPrice": "4.00",
            "price": "4.00",
            "pricePerLitre": 8.0,
            "bestPricePerLitre": 8.0
        },
        "store": {
            "id": "5e755fca1db5f55ff0097a16",
            "name": "Reefton"
        }
    },
    {
        "productData": {
            "name": "Monster Energy Pipeline Punch 500ml",
            "productId": "monster-energy-pipeline-punch-500ml",
            "productShopPage": "https://reefton.store.supervalue.co.nz/lines/monster-energy-pipeline-punch-500ml",
            "productImageURL": "https://dtgxwmigmg3gc.cloudfront.net/imagery/assets/derivations/icon/512/512/true/eyJpZCI6IjBhODJhZGNkMWY5YThiMWQ5ZjY0YjRjNGE0YWQwMzMxIiwic3RvcmFnZSI6InB1YmxpY19zdG9yZSJ9?signature=7a4880545cb059c8f06a41c671fb0785b7cddf3903741ed2f081d6bcf2e5189f",
            "productDescription": "",
            "volume": "500ml"
        },
        "priceData": {
            "bestPrice": "3.60",
            "price": "3.60",
            "pricePerLitre": 7.2,
            "bestPricePerLitre": 7.2
        },
        "store": {
            "id": "5e755fca1db5f55ff0097a16",
            "name": "Reefton"
        }
    },
    {
        "productData": {
            "name": "Rockstar Original Energy Drink 500ml",
            "productId": "rockstar-original-energy-drink-500ml",
            "productShopPage": "https://reefton.store.supervalue.co.nz/lines/rockstar-original-energy-drink-500ml",
            "productImageURL": "https://dtgxwmigmg3gc.cloudfront.net/imagery/assets/derivations/icon/512/512/true/eyJpZCI6IjU3ZDZkYWUyNGJjNjZmNDNlOGIzY2VjNzUxMjRhMjI3Iiwic3RvcmFnZSI6InB1YmxpY19zdG9yZSJ9?signature=9188953bef1e966209f16fc8764ba247eac95345644fc57ad5992e177e099176",
            "productDescription": "",
            "volume": "500ml"
        },
        "priceData": {
            "bestPrice": "2.20",
            "price": "2.20",
            "pricePerLitre": 4.4,
            "bestPricePerLitre": 4.4
        },
        "store": {
            "id": "5e755fca1db5f55ff0097a16",
            "name": "Reefton"
        }
    },
    {
        "productData": {
            "name": "Rockstar Punched Energy Guava 500ml",
            "productId": "rockstar-punched-energy-guava-500ml",
            "productShopPage": "https://reefton.store.supervalue.co.nz/lines/rockstar-punched-energy-guava-500ml",
            "productImageURL": "https://dtgxwmigmg3gc.cloudfront.net/imagery/assets/derivations/icon/512/512/true/eyJpZCI6ImEzMDQwMDA1ZTlmNTRmNTczMTYzMDE1Yjk2NTFmZDIxIiwic3RvcmFnZSI6InB1YmxpY19zdG9yZSJ9?signature=bfb6b62e0f648da1212eb37234f40b47cf3251c956e2d837473e2acee3a5a4ef",
            "productDescription": "",
            "volume": "500ml"
        },
        "priceData": {
            "bestPrice": "2.20",
            "price": "2.20",
            "pricePerLitre": 4.4,
            "bestPricePerLitre": 4.4
        },
        "store": {
            "id": "5e755fca1db5f55ff0097a16",
            "name": "Reefton"
        }
    },
    {
        "productData": {
            "name": "Live Plus Energy Drink Sugar Free Citrus Flavour 250ml",
            "productId": "live-plus-zero-sug-citrus-500ml",
            "productShopPage": "https://reefton.store.supervalue.co.nz/lines/live-plus-zero-sug-citrus-500ml",
            "productImageURL": "https://dtgxwmigmg3gc.cloudfront.net/imagery/assets/derivations/icon/512/512/true/eyJpZCI6IjhkZGE2ODE2ZDc4Y2E5MmUxZTQ3YjAxOWExZjNlMTU5Iiwic3RvcmFnZSI6InB1YmxpY19zdG9yZSJ9?signature=ab72ec55544855bdd6eb188264cd302aac7f6bc747af365b1624653223d6953d",
            "productDescription": "",
            "volume": "250ml"
        },
        "priceData": {
            "bestPrice": "2.20",
            "price": "2.20",
            "pricePerLitre": 8.8,
            "bestPricePerLitre": 8.8
        },
        "store": {
            "id": "5e755fca1db5f55ff0097a16",
            "name": "Reefton"
        }
    },
    {
        "productData": {
            "name": "Live Plus Energy Drink Original Cans 250ml",
            "productId": "live-plus-energy-drink-original-cans-250ml",
            "productShopPage": "https://reefton.store.supervalue.co.nz/lines/live-plus-energy-drink-original-cans-250ml",
            "productImageURL": "https://dtgxwmigmg3gc.cloudfront.net/imagery/assets/derivations/icon/512/512/true/eyJpZCI6IjJkOWMwNTExZWI5MDY3MmRhYzk2OWQzYTlmMDZlMzg4Iiwic3RvcmFnZSI6InB1YmxpY19zdG9yZSJ9?signature=ca15999b181bd95a0f396d2cd4687f7864bd189801bd1939021ec51f40f803ee",
            "productDescription": "",
            "volume": "250ml"
        },
        "priceData": {
            "bestPrice": "2.50",
            "price": "2.50",
            "pricePerLitre": 10.0,
            "bestPricePerLitre": 10.0
        },
        "store": {
            "id": "5e755fca1db5f55ff0097a16",
            "name": "Reefton"
        }
    },
    {
        "productData": {
            "name": "Musashi Energy Drink Blue Raspberry 500ml",
            "productId": "musashi-energy-drink-blue-raspberry-500ml",
            "productShopPage": "https://reefton.store.supervalue.co.nz/lines/musashi-energy-drink-blue-raspberry-500ml",
            "productImageURL": "https://dtgxwmigmg3gc.cloudfront.net/imagery/assets/derivations/icon/512/512/true/eyJpZCI6IjE5MzNlYTI1Mjk2MTRjZTgwNmE0YThiZTU2NmRhMGI1Iiwic3RvcmFnZSI6InB1YmxpY19zdG9yZSJ9?signature=6f2e80fb21b91bb7d7f6ae2f6d711d7b645a3490600386d066f024d673ee01e2",
            "productDescription": "",
            "volume": "500ml"
        },
        "priceData": {
            "bestPrice": "3.50",
            "price": "3.50",
            "pricePerLitre": 7.0,
            "bestPricePerLitre": 7.0
        },
        "store": {
            "id": "5e755fca1db5f55ff0097a16",
            "name": "Reefton"
        }
    },
    {
        "productData": {
            "name": "Musashi Energy Drink Fruit Crush 500ml",
            "productId": "musashi-energy-drink-fruit-crush-500ml",
            "productShopPage": "https://reefton.store.supervalue.co.nz/lines/musashi-energy-drink-fruit-crush-500ml",
            "productImageURL": "https://dtgxwmigmg3gc.cloudfront.net/imagery/assets/derivations/icon/512/512/true/eyJpZCI6IjExMTJjZTJlMjEyYjI4NTgwZjE0ZGZlYjE5MTgzNTQ5Iiwic3RvcmFnZSI6InB1YmxpY19zdG9yZSJ9?signature=249030276f0de6f4760c079da56b20c58d0b82a78f36efe8fd80f2bbe4aed7d4",
            "productDescription": "",
            "volume": "500ml"
        },
        "priceData": {
            "bestPrice": "3.50",
            "price": "3.50",
            "pricePerLitre": 7.0,
            "bestPricePerLitre": 7.0
        },
        "store": {
            "id": "5e755fca1db5f55ff0097a16",
            "name": "Reefton"
        }
    },
    {
        "productData": {
            "name": "Musashi Energy Drink Purple Grape 500ml",
            "productId": "musashi-energy-drink-purple-grape-500ml",
            "productShopPage": "https://reefton.store.supervalue.co.nz/lines/musashi-energy-drink-purple-grape-500ml",
            "productImageURL": "https://dtgxwmigmg3gc.cloudfront.net/imagery/assets/derivations/icon/512/512/true/eyJpZCI6IjkxZGM0ODYyYmZhNGViMTkwM2U4MTYzM2FiMDYzMDdlIiwic3RvcmFnZSI6InB1YmxpY19zdG9yZSJ9?signature=d6ff84062f4b227aaf76b6e0be9ec9742734bc67867684146ce6624e4bcef6bd",
            "productDescription": "",
            "volume": "500ml"
        },
        "priceData": {
            "bestPrice": "3.50",
            "price": "3.50",
            "pricePerLitre": 7.0,
            "bestPricePerLitre": 7.0
        },
        "store": {
            "id": "5e755fca1db5f55ff0097a16",
            "name": "Reefton"
        }
    },
    {
        "productData": {
            "name": "Monster Super Fuel Tropical Thunder 550ml",
            "productId": "monster-super-fuel-tropical-thunder-550ml",
            "productShopPage": "https://reefton.store.supervalue.co.nz/lines/monster-super-fuel-tropical-thunder-550ml",
            "productImageURL": "https://dtgxwmigmg3gc.cloudfront.net/imagery/assets/derivations/icon/512/512/true/eyJpZCI6ImU1MDMwZGIyMGNiOTQ2NWRlMWY3OWVkYmMxNGI4Zjg2Iiwic3RvcmFnZSI6InB1YmxpY19zdG9yZSJ9?signature=edda4faf145060b78b7a826b3d26392e4283e9f7f22cebee6de6f90f70d215de",
            "productDescription": "",
            "volume": "550ml"
        },
        "priceData": {
            "bestPrice": "4.70",
            "price": "4.70",
            "pricePerLitre": 8.545454545454545,
            "bestPricePerLitre": 8.545454545454545
        },
        "store": {
            "id": "5e755fca1db5f55ff0097a16",
            "name": "Reefton"
        }
    },
    {
        "productData": {
            "name": "V Refresh Energy Drink Citrus Lemonade 500ml Can 500ml",
            "productId": "v-refresh-energy-drink-citrus-lemonade-500ml-can-500ml",
            "productShopPage": "https://renwick.store.supervalue.co.nz/lines/v-refresh-energy-drink-citrus-lemonade-500ml-can-500ml",
            "productImageURL": "https://dtgxwmigmg3gc.cloudfront.net/imagery/assets/derivations/icon/512/512/true/eyJpZCI6IjVlN2QyZDg4OTlkNWVhZDc1OTM3YzEwZDgwOTg1NjJmIiwic3RvcmFnZSI6InB1YmxpY19zdG9yZSJ9?signature=35586a0457373f804173605ba7f35fb0b256a119e67175911e869a6f42785c11",
            "productDescription": "",
            "volume": "500ml"
        },
        "priceData": {
            "bestPrice": "3.30",
            "price": "3.30",
            "pricePerLitre": 6.6,
            "bestPricePerLitre": 6.6
        },
        "store": {
            "id": "5e75ab6e04015f1b680025ca",
            "name": "Renwick"
        }
    },
    {
        "productData": {
            "name": "V Refresh Energy Drink Pineapple Watermelon 500ml Can 500ml",
            "productId": "v-refresh-energy-drink-pineapple-watermelon-500ml-can-500ml",
            "productShopPage": "https://renwick.store.supervalue.co.nz/lines/v-refresh-energy-drink-pineapple-watermelon-500ml-can-500ml",
            "productImageURL": "https://dtgxwmigmg3gc.cloudfront.net/imagery/assets/derivations/icon/512/512/true/eyJpZCI6IjgzMTBmY2EwMzFkODkxOTAxNDFmYWNhMjZhZmFlZTI0Iiwic3RvcmFnZSI6InB1YmxpY19zdG9yZSJ9?signature=2062a73b018e86e0e6858a08c9fea597971ea894ef5eee6cfb310bcaa3201c6f",
            "productDescription": "",
            "volume": "500ml"
        },
        "priceData": {
            "bestPrice": "3.30",
            "price": "3.30",
            "pricePerLitre": 6.6,
            "bestPricePerLitre": 6.6
        },
        "store": {
            "id": "5e75ab6e04015f1b680025ca",
            "name": "Renwick"
        }
    },
    {
        "productData": {
            "name": "Monster Energy Drink Ultra Gold 500ml",
            "productId": "monster-energy-drink-ultra-gold-500ml",
            "productShopPage": "https://renwick.store.supervalue.co.nz/lines/monster-energy-drink-ultra-gold-500ml",
            "productImageURL": "https://dtgxwmigmg3gc.cloudfront.net/imagery/assets/derivations/icon/512/512/true/eyJpZCI6ImM3MmEwNWIyMjE0YTAzMjcyNzFhYjMyZTI4Zjk4MGFhIiwic3RvcmFnZSI6InB1YmxpY19zdG9yZSJ9?signature=b4f295a92992569de94ae4176268ca4a850af7b8377f28e19d8ddb65e0e09cc2",
            "productDescription": "",
            "volume": "500ml"
        },
        "priceData": {
            "bestPrice": "3.60",
            "price": "3.60",
            "pricePerLitre": 7.2,
            "bestPricePerLitre": 7.2
        },
        "store": {
            "id": "5e75ab6e04015f1b680025ca",
            "name": "Renwick"
        }
    },
    {
        "productData": {
            "name": "Mother Kicked Apple 500ml",
            "productId": "mother-kicked-apple-500ml",
            "productShopPage": "https://renwick.store.supervalue.co.nz/lines/mother-kicked-apple-500ml",
            "productImageURL": "https://dtgxwmigmg3gc.cloudfront.net/imagery/assets/derivations/icon/512/512/true/eyJpZCI6IjNhZTlkYjkwYTM4MDFjMGEwYjUwYThhMDAwYjkyZjM0Iiwic3RvcmFnZSI6InB1YmxpY19zdG9yZSJ9?signature=c1a1db0a5d7b074c388cf08560fd44a4a2b6127821554198e54eeea8474325f6",
            "productDescription": "",
            "volume": "500ml"
        },
        "priceData": {
            "bestPrice": "3.20",
            "price": "3.20",
            "pricePerLitre": 6.4,
            "bestPricePerLitre": 6.4
        },
        "store": {
            "id": "5e75ab6e04015f1b680025ca",
            "name": "Renwick"
        }
    },
    {
        "productData": {
            "name": "Monster Energy Drink Ultra Paradise 500ml",
            "productId": "monster-energy-drink-ultra-paradise-500ml",
            "productShopPage": "https://renwick.store.supervalue.co.nz/lines/monster-energy-drink-ultra-paradise-500ml",
            "productImageURL": "https://dtgxwmigmg3gc.cloudfront.net/imagery/assets/derivations/icon/512/512/true/eyJpZCI6IjU3ZTFkM2FiYTM1NTE5MjBjNGY3YWQ1MDlmN2JiM2FiIiwic3RvcmFnZSI6InB1YmxpY19zdG9yZSJ9?signature=f112dbd2da966f41ee31deb58894dec2d4e327e223dcd676069650d679f43cb5",
            "productDescription": "",
            "volume": "500ml"
        },
        "priceData": {
            "bestPrice": "3.60",
            "price": "3.60",
            "pricePerLitre": 7.2,
            "bestPricePerLitre": 7.2
        },
        "store": {
            "id": "5e75ab6e04015f1b680025ca",
            "name": "Renwick"
        }
    },
    {
        "productData": {
            "name": "Monster Energy Ultra Zero 500ml Can 500ml",
            "productId": "monster-energy-ultra-zero-500ml",
            "productShopPage": "https://renwick.store.supervalue.co.nz/lines/monster-energy-ultra-zero-500ml",
            "productImageURL": "https://dtgxwmigmg3gc.cloudfront.net/imagery/assets/derivations/icon/512/512/true/eyJpZCI6IjE2ZDZhZmVkN2M0YjVjMzRmMjExNGJhNWQyMzhlOTQ4Iiwic3RvcmFnZSI6InB1YmxpY19zdG9yZSJ9?signature=10ef7ab522a8389710a24973bac3bd88af990f17b5da987fda62632f41e72ced",
            "productDescription": "",
            "volume": "500ml"
        },
        "priceData": {
            "bestPrice": "3.60",
            "price": "3.60",
            "pricePerLitre": 7.2,
            "bestPricePerLitre": 7.2
        },
        "store": {
            "id": "5e75ab6e04015f1b680025ca",
            "name": "Renwick"
        }
    },
    {
        "productData": {
            "name": "Monster Energy Green 500ml",
            "productId": "monster-energy-green-500ml",
            "productShopPage": "https://renwick.store.supervalue.co.nz/lines/monster-energy-green-500ml",
            "productImageURL": "https://dtgxwmigmg3gc.cloudfront.net/imagery/assets/derivations/icon/512/512/true/eyJpZCI6IjA2ZTdhN2Y1NWUxNjJiNDVhZTUzZWI2OTc4YThlMTYzIiwic3RvcmFnZSI6InB1YmxpY19zdG9yZSJ9?signature=8257328849276057c7b77a9c76691580f7fdb61d49af913328da323dc4d13f0e",
            "productDescription": "",
            "volume": "500ml"
        },
        "priceData": {
            "bestPrice": "3.60",
            "price": "3.60",
            "pricePerLitre": 7.2,
            "bestPricePerLitre": 7.2
        },
        "store": {
            "id": "5e75ab6e04015f1b680025ca",
            "name": "Renwick"
        }
    },
    {
        "productData": {
            "name": "Monster Energy Drink Ultra Rosa 500ml",
            "productId": "monster-energy-drink-ultra-rosa-500ml",
            "productShopPage": "https://renwick.store.supervalue.co.nz/lines/monster-energy-drink-ultra-rosa-500ml",
            "productImageURL": "https://dtgxwmigmg3gc.cloudfront.net/imagery/assets/derivations/icon/512/512/true/eyJpZCI6IjBmZDhiOGI4MDk3NDYzMDI0ZGQ4OTdhYTk2ZmVmMmRiIiwic3RvcmFnZSI6InB1YmxpY19zdG9yZSJ9?signature=b524829083fd581b245f26f999cd130415f1b63b346277cf6a7a0faece216093",
            "productDescription": "",
            "volume": "500ml"
        },
        "priceData": {
            "bestPrice": "3.60",
            "price": "3.60",
            "pricePerLitre": 7.2,
            "bestPricePerLitre": 7.2
        },
        "store": {
            "id": "5e75ab6e04015f1b680025ca",
            "name": "Renwick"
        }
    },
    {
        "productData": {
            "name": "Mother Energy Drink Berry 500ml",
            "productId": "mother-energy-drink-berry-500ml",
            "productShopPage": "https://renwick.store.supervalue.co.nz/lines/mother-energy-drink-berry-500ml",
            "productImageURL": "https://dtgxwmigmg3gc.cloudfront.net/imagery/assets/derivations/icon/512/512/true/eyJpZCI6ImRhYTJlNjUzNzRjZjViNjI0ZDljNzUzNDA3YmE0ZDFkIiwic3RvcmFnZSI6InB1YmxpY19zdG9yZSJ9?signature=d9ffb465d71d599811c2ff7a788845bfe297eb3624ad7866a89cf0b3ece073f0",
            "productDescription": "",
            "volume": "500ml"
        },
        "priceData": {
            "bestPrice": "3.20",
            "price": "3.20",
            "pricePerLitre": 6.4,
            "bestPricePerLitre": 6.4
        },
        "store": {
            "id": "5e75ab6e04015f1b680025ca",
            "name": "Renwick"
        }
    },
    {
        "productData": {
            "name": "Mother Energy Drink Black 500ml",
            "productId": "mother-energy-drink-black-500ml",
            "productShopPage": "https://renwick.store.supervalue.co.nz/lines/mother-energy-drink-black-500ml",
            "productImageURL": "https://dtgxwmigmg3gc.cloudfront.net/imagery/assets/derivations/icon/512/512/true/eyJpZCI6ImYyMzA5MjhkYjg3ODFhYmYzZDU3ZjE1YjNmYzU2MWFjIiwic3RvcmFnZSI6InB1YmxpY19zdG9yZSJ9?signature=d3dbddb83d3d457075cd5d8936bef0c5b48fce4fa3fe725995d8b6d57219ceb5",
            "productDescription": "",
            "volume": "500ml"
        },
        "priceData": {
            "bestPrice": "3.20",
            "price": "3.20",
            "pricePerLitre": 6.4,
            "bestPricePerLitre": 6.4
        },
        "store": {
            "id": "5e75ab6e04015f1b680025ca",
            "name": "Renwick"
        }
    },
    {
        "productData": {
            "name": "Mother Energy Drink Cans 250ml 6 Pack",
            "productId": "mother-energy-drink-6x250ml-cans",
            "productShopPage": "https://renwick.store.supervalue.co.nz/lines/mother-energy-drink-6x250ml-cans",
            "productImageURL": "https://dtgxwmigmg3gc.cloudfront.net/imagery/assets/derivations/icon/512/512/true/eyJpZCI6IjEyOGFhMmU0Y2VkYTU4ZWFkZmVhOWUwZjdlNTZhOTA4Iiwic3RvcmFnZSI6InB1YmxpY19zdG9yZSJ9?signature=5db1908f64527cf28fa7bf3266a83ab854a07ca50453511f7d414d8e6d5c10fb",
            "productDescription": "",
            "volume": "250ml"
        },
        "priceData": {
            "bestPrice": "8.00",
            "price": "8.00",
            "pricePerLitre": 32.0,
            "bestPricePerLitre": 32.0
        },
        "store": {
            "id": "5e75ab6e04015f1b680025ca",
            "name": "Renwick"
        }
    },
    {
        "productData": {
            "name": "Mother Energy Drink Passion 500ml",
            "productId": "mother-energy-drink-passion-500ml",
            "productShopPage": "https://renwick.store.supervalue.co.nz/lines/mother-energy-drink-passion-500ml",
            "productImageURL": "https://dtgxwmigmg3gc.cloudfront.net/imagery/assets/derivations/icon/512/512/true/eyJpZCI6ImFkZDQ3ZmI4MGJjMmU2ZTgxNDcxNDRhYWFmOWZkYzViIiwic3RvcmFnZSI6InB1YmxpY19zdG9yZSJ9?signature=c8aea44ce6ff965b9e87fcb9f60849b0328e9b8983b9d5547e51c910f8f5368b",
            "productDescription": "",
            "volume": "500ml"
        },
        "priceData": {
            "bestPrice": "3.20",
            "price": "3.20",
            "pricePerLitre": 6.4,
            "bestPricePerLitre": 6.4
        },
        "store": {
            "id": "5e75ab6e04015f1b680025ca",
            "name": "Renwick"
        }
    },
    {
        "productData": {
            "name": "Mother Tropical Blast 500ml",
            "productId": "mother-tropical-blast-500ml",
            "productShopPage": "https://renwick.store.supervalue.co.nz/lines/mother-tropical-blast-500ml",
            "productImageURL": "https://dtgxwmigmg3gc.cloudfront.net/imagery/assets/derivations/icon/512/512/true/eyJpZCI6IjY2ODFiOTc3MTY1OWVlZGI0YWU0ZDEwNmRkMWI3MTFmIiwic3RvcmFnZSI6InB1YmxpY19zdG9yZSJ9?signature=d1b01bfff1b3992a83da4126d87194cc3819f2c04c19ef718954650d0bb059a1",
            "productDescription": "",
            "volume": "500ml"
        },
        "priceData": {
            "bestPrice": "3.20",
            "price": "3.20",
            "pricePerLitre": 6.4,
            "bestPricePerLitre": 6.4
        },
        "store": {
            "id": "5e75ab6e04015f1b680025ca",
            "name": "Renwick"
        }
    },
    {
        "productData": {
            "name": "Mother Epic Swell Energy Drink Twisted Apple 500ml",
            "productId": "mother-epic-swell-energy-drink-twisted-apple-500ml",
            "productShopPage": "https://renwick.store.supervalue.co.nz/lines/mother-epic-swell-energy-drink-twisted-apple-500ml",
            "productImageURL": "https://dtgxwmigmg3gc.cloudfront.net/imagery/assets/derivations/icon/512/512/true/eyJpZCI6IjE3NGY3OWU3NDkwYTQ5MGE4NGFkNjYzZjVlODdjNzlmIiwic3RvcmFnZSI6InB1YmxpY19zdG9yZSJ9?signature=8b8c94eb83ff8e282e2c9309d499d02862cc0d052bea74cb186828b6e121cc4e",
            "productDescription": "",
            "volume": "500ml"
        },
        "priceData": {
            "bestPrice": "3.20",
            "price": "3.20",
            "pricePerLitre": 6.4,
            "bestPricePerLitre": 6.4
        },
        "store": {
            "id": "5e75ab6e04015f1b680025ca",
            "name": "Renwick"
        }
    },
    {
        "productData": {
            "name": "Monster Energy Juice Mango Loco 500ml",
            "productId": "monster-energy-juice-mango-loco-500ml-can",
            "productShopPage": "https://renwick.store.supervalue.co.nz/lines/monster-energy-juice-mango-loco-500ml-can",
            "productImageURL": "https://dtgxwmigmg3gc.cloudfront.net/imagery/assets/derivations/icon/512/512/true/eyJpZCI6ImFiNTMzOTMyOWEwYWQ0NzdjMjJjNjlkMzQxZTNhOGQxIiwic3RvcmFnZSI6InB1YmxpY19zdG9yZSJ9?signature=68e99f74abe4c896ded0dd7313a3b51988c1e1a783fd4322eb0d59affb53ec54",
            "productDescription": "",
            "volume": "500ml"
        },
        "priceData": {
            "bestPrice": "3.60",
            "price": "3.60",
            "pricePerLitre": 7.2,
            "bestPricePerLitre": 7.2
        },
        "store": {
            "id": "5e75ab6e04015f1b680025ca",
            "name": "Renwick"
        }
    },
    {
        "productData": {
            "name": "V Energy Drink Guarana 500ml",
            "productId": "v-energy-drink-guarana-500ml",
            "productShopPage": "https://renwick.store.supervalue.co.nz/lines/v-energy-drink-guarana-500ml",
            "productImageURL": "https://dtgxwmigmg3gc.cloudfront.net/imagery/assets/derivations/icon/512/512/true/eyJpZCI6IjgzZDAxMjhiMzg4NmEwZmE4YTE2ZjY2NWIzNmM2NzI2Iiwic3RvcmFnZSI6InB1YmxpY19zdG9yZSJ9?signature=f55ecc561066291a4e74a967db35ea2355f881bd1708bf400fd790032384ae4f",
            "productDescription": "",
            "volume": "500ml"
        },
        "priceData": {
            "bestPrice": "2.70",
            "price": "2.70",
            "pricePerLitre": 5.4,
            "bestPricePerLitre": 5.4
        },
        "store": {
            "id": "5e75ab6e04015f1b680025ca",
            "name": "Renwick"
        }
    },
    {
        "productData": {
            "name": "V Energy Drink Sugarfree 500ml",
            "productId": "v-energy-drink-sugarfree-500ml",
            "productShopPage": "https://renwick.store.supervalue.co.nz/lines/v-energy-drink-sugarfree-500ml",
            "productImageURL": "https://dtgxwmigmg3gc.cloudfront.net/imagery/assets/derivations/icon/512/512/true/eyJpZCI6ImVkZTAxNTNmMDI1NmU1NDZjNWQ5MTc3MjE3ZTQ3YTQ0Iiwic3RvcmFnZSI6InB1YmxpY19zdG9yZSJ9?signature=abcf72d9faa9ee3044eaa3b7ee0bf9b4fd8f582379018d8727f2234b7d3f3c85",
            "productDescription": "",
            "volume": "500ml"
        },
        "priceData": {
            "bestPrice": "2.70",
            "price": "2.70",
            "pricePerLitre": 5.4,
            "bestPricePerLitre": 5.4
        },
        "store": {
            "id": "5e75ab6e04015f1b680025ca",
            "name": "Renwick"
        }
    },
    {
        "productData": {
            "name": "V Energy Drink Sugar Free Guarana 250ml",
            "productId": "v-energy-drink-sugar-free-guarana-250ml",
            "productShopPage": "https://renwick.store.supervalue.co.nz/lines/v-energy-drink-sugar-free-guarana-250ml",
            "productImageURL": "https://dtgxwmigmg3gc.cloudfront.net/imagery/assets/derivations/icon/512/512/true/eyJpZCI6ImZiNzM1NmU4NTMyZDllODlkZTljZmNlOGY2MzQ5NGQwIiwic3RvcmFnZSI6InB1YmxpY19zdG9yZSJ9?signature=72b0ce0a48ca796717c115fe5e8b4564501470f63bf80ae865d26e9d131a2b8c",
            "productDescription": "",
            "volume": "250ml"
        },
        "priceData": {
            "bestPrice": "2.40",
            "price": "2.40",
            "pricePerLitre": 9.6,
            "bestPricePerLitre": 9.6
        },
        "store": {
            "id": "5e75ab6e04015f1b680025ca",
            "name": "Renwick"
        }
    },
    {
        "productData": {
            "name": "V Energy Drink Blue Guarana Spritzed 350ml",
            "productId": "v-blue-energy-drink-blue-guarana-spritzed-350ml",
            "productShopPage": "https://renwick.store.supervalue.co.nz/lines/v-blue-energy-drink-blue-guarana-spritzed-350ml",
            "productImageURL": "https://dtgxwmigmg3gc.cloudfront.net/imagery/assets/derivations/icon/512/512/true/eyJpZCI6ImY2OTRlZGI4NjdlNWMzZDM5NzgzMDQ0ODFkMzUxZGZiIiwic3RvcmFnZSI6InB1YmxpY19zdG9yZSJ9?signature=591b3079cb9c2407a29b3bc348eaf42dc1d34daba5c9d7aba65be654725b6719",
            "productDescription": "",
            "volume": "350ml"
        },
        "priceData": {
            "bestPrice": "4.00",
            "price": "4.00",
            "pricePerLitre": 11.428571428571429,
            "bestPricePerLitre": 11.428571428571429
        },
        "store": {
            "id": "5e75ab6e04015f1b680025ca",
            "name": "Renwick"
        }
    },
    {
        "productData": {
            "name": "V Energy Drink Green Guarana 350ml",
            "productId": "v-energy-drink-green-guarana-350ml",
            "productShopPage": "https://renwick.store.supervalue.co.nz/lines/v-energy-drink-green-guarana-350ml",
            "productImageURL": "https://dtgxwmigmg3gc.cloudfront.net/imagery/assets/derivations/icon/512/512/true/eyJpZCI6IjRiNjY4ZjYxOTQ2ODYyN2MzM2NiZWMyNGUyNmIyODk4Iiwic3RvcmFnZSI6InB1YmxpY19zdG9yZSJ9?signature=4cded9cb42349eef45a593461f311b1bb7fa881295733879671ad9fe9887d30c",
            "productDescription": "",
            "volume": "350ml"
        },
        "priceData": {
            "bestPrice": "4.00",
            "price": "4.00",
            "pricePerLitre": 11.428571428571429,
            "bestPricePerLitre": 11.428571428571429
        },
        "store": {
            "id": "5e75ab6e04015f1b680025ca",
            "name": "Renwick"
        }
    },
    {
        "productData": {
            "name": "V Energy Drink Guarana Can 250ml",
            "productId": "v-energy-drink-guarana-can-250ml",
            "productShopPage": "https://renwick.store.supervalue.co.nz/lines/v-energy-drink-guarana-can-250ml",
            "productImageURL": "https://dtgxwmigmg3gc.cloudfront.net/imagery/assets/derivations/icon/512/512/true/eyJpZCI6Ijc3Nzk1NjE2ZDhhNmFiMThhYzEzODYzOTg2ZmNkNzgwIiwic3RvcmFnZSI6InB1YmxpY19zdG9yZSJ9?signature=f5de1854d43e19cc62bff86893d4a55615cd916f8425a4dccd170b52eba81255",
            "productDescription": "",
            "volume": "250ml"
        },
        "priceData": {
            "bestPrice": "2.40",
            "price": "2.40",
            "pricePerLitre": 9.6,
            "bestPricePerLitre": 9.6
        },
        "store": {
            "id": "5e75ab6e04015f1b680025ca",
            "name": "Renwick"
        }
    },
    {
        "productData": {
            "name": "V Energy Drink Guarana Can 500ml",
            "productId": "v-energy-drink-guarana-can-500ml",
            "productShopPage": "https://renwick.store.supervalue.co.nz/lines/v-energy-drink-guarana-can-500ml",
            "productImageURL": "https://dtgxwmigmg3gc.cloudfront.net/imagery/assets/derivations/icon/512/512/true/eyJpZCI6ImI0NjgzNGZjNDRkMjU0MjgzYzJjZGNhMzA2NWIxYjA5Iiwic3RvcmFnZSI6InB1YmxpY19zdG9yZSJ9?signature=265e8273409849423466e7623cbbdf8352940707b8830803eec391e8f32c9c5f",
            "productDescription": "",
            "volume": "500ml"
        },
        "priceData": {
            "bestPrice": "4.00",
            "price": "4.00",
            "pricePerLitre": 8.0,
            "bestPricePerLitre": 8.0
        },
        "store": {
            "id": "5e75ab6e04015f1b680025ca",
            "name": "Renwick"
        }
    },
    {
        "productData": {
            "name": "V Energy Drink Raspberry Lemonade 350ml",
            "productId": "v-energy-drink-raspberry-lemonade-350ml",
            "productShopPage": "https://renwick.store.supervalue.co.nz/lines/v-energy-drink-raspberry-lemonade-350ml",
            "productImageURL": "https://dtgxwmigmg3gc.cloudfront.net/imagery/assets/derivations/icon/512/512/true/eyJpZCI6IjliNWMwMGJkN2IxYWRhY2UxNzU5NzY1ZTI4MjUzZDgyIiwic3RvcmFnZSI6InB1YmxpY19zdG9yZSJ9?signature=1813e587f3636e394a15aa9e19234f9343024a6880220b0dda0a5d69b1f1c010",
            "productDescription": "",
            "volume": "350ml"
        },
        "priceData": {
            "bestPrice": "4.00",
            "price": "4.00",
            "pricePerLitre": 11.428571428571429,
            "bestPricePerLitre": 11.428571428571429
        },
        "store": {
            "id": "5e75ab6e04015f1b680025ca",
            "name": "Renwick"
        }
    },
    {
        "productData": {
            "name": "V Energy Drink Sugar Free Guarana 500ml",
            "productId": "v-energy-drink-sugar-free-guarana-500ml",
            "productShopPage": "https://renwick.store.supervalue.co.nz/lines/v-energy-drink-sugar-free-guarana-500ml",
            "productImageURL": "https://dtgxwmigmg3gc.cloudfront.net/imagery/assets/derivations/icon/512/512/true/eyJpZCI6Ijg4MGExMDYxOTY4NTJiYzM1ZTExMmU2MGE2OWYxNDE3Iiwic3RvcmFnZSI6InB1YmxpY19zdG9yZSJ9?signature=b0536d25b9da8158705e24c88e21fabbf85c1dabc19f18108c386e956ffd7045",
            "productDescription": "",
            "volume": "500ml"
        },
        "priceData": {
            "bestPrice": "4.00",
            "price": "4.00",
            "pricePerLitre": 8.0,
            "bestPricePerLitre": 8.0
        },
        "store": {
            "id": "5e75ab6e04015f1b680025ca",
            "name": "Renwick"
        }
    },
    {
        "productData": {
            "name": "V Blue Energy Drink Bottle 500ml",
            "productId": "v-blue-energy-drink-bottle-500ml",
            "productShopPage": "https://renwick.store.supervalue.co.nz/lines/v-blue-energy-drink-bottle-500ml",
            "productImageURL": "https://dtgxwmigmg3gc.cloudfront.net/imagery/assets/derivations/icon/512/512/true/eyJpZCI6IjgyYWYxYWY4MGI4MzUxODhiYmVhZGVhM2U2NzY0MzI5Iiwic3RvcmFnZSI6InB1YmxpY19zdG9yZSJ9?signature=7e70fc576864a528a1431734d680cbf177a11b419a692dbfd34800c31b8944ec",
            "productDescription": "",
            "volume": "500ml"
        },
        "priceData": {
            "bestPrice": "2.70",
            "price": "2.70",
            "pricePerLitre": 5.4,
            "bestPricePerLitre": 5.4
        },
        "store": {
            "id": "5e75ab6e04015f1b680025ca",
            "name": "Renwick"
        }
    },
    {
        "productData": {
            "name": "V Blue Sugarfree Energy Drink 500ml",
            "productId": "v-blue-sugarfree-energy-drink-500ml",
            "productShopPage": "https://renwick.store.supervalue.co.nz/lines/v-blue-sugarfree-energy-drink-500ml",
            "productImageURL": "https://dtgxwmigmg3gc.cloudfront.net/imagery/assets/derivations/icon/512/512/true/eyJpZCI6ImVmYjQyOWRmM2JjZjc3NTY1ZDIwMTEyNTY0MDdmZjA1Iiwic3RvcmFnZSI6InB1YmxpY19zdG9yZSJ9?signature=2911d59474d8305039a3be3bef0f887c38d9ab84596314b13cc4b150101175ab",
            "productDescription": "",
            "volume": "500ml"
        },
        "priceData": {
            "bestPrice": "4.00",
            "price": "4.00",
            "pricePerLitre": 8.0,
            "bestPricePerLitre": 8.0
        },
        "store": {
            "id": "5e75ab6e04015f1b680025ca",
            "name": "Renwick"
        }
    },
    {
        "productData": {
            "name": "V Blue Energy Drink Blue Guarana Can 250ml",
            "productId": "v-blue-energy-drink-blue-guarana-can-250ml",
            "productShopPage": "https://renwick.store.supervalue.co.nz/lines/v-blue-energy-drink-blue-guarana-can-250ml",
            "productImageURL": "https://dtgxwmigmg3gc.cloudfront.net/imagery/assets/derivations/icon/512/512/true/eyJpZCI6IjBmZjQwNDEyZWQ2ZDk4YTg3YWQ2ZDUyMWZlNjM1YzJkIiwic3RvcmFnZSI6InB1YmxpY19zdG9yZSJ9?signature=8f745abe5614ec47b3d7a07f1a34ba529184a87b2a696211ba5a0f9f29c86bf0",
            "productDescription": "",
            "volume": "250ml"
        },
        "priceData": {
            "bestPrice": "2.40",
            "price": "2.40",
            "pricePerLitre": 9.6,
            "bestPricePerLitre": 9.6
        },
        "store": {
            "id": "5e75ab6e04015f1b680025ca",
            "name": "Renwick"
        }
    },
    {
        "productData": {
            "name": "V Blue Energy Drink Blue Guarana Can 500ml",
            "productId": "v-blue-energy-drink-blue-guarana-can-500ml",
            "productShopPage": "https://renwick.store.supervalue.co.nz/lines/v-blue-energy-drink-blue-guarana-can-500ml",
            "productImageURL": "https://dtgxwmigmg3gc.cloudfront.net/imagery/assets/derivations/icon/512/512/true/eyJpZCI6ImFmYjEyYjVjYTU2YWI5ZDJhMTVmNGY2MDg2NWFlNzgxIiwic3RvcmFnZSI6InB1YmxpY19zdG9yZSJ9?signature=b537a8cc5a2c0f90f1702b2c541db44c3a740a0ec4a96e92ab2d6537f9320e8d",
            "productDescription": "",
            "volume": "500ml"
        },
        "priceData": {
            "bestPrice": "4.00",
            "price": "4.00",
            "pricePerLitre": 8.0,
            "bestPricePerLitre": 8.0
        },
        "store": {
            "id": "5e75ab6e04015f1b680025ca",
            "name": "Renwick"
        }
    },
    {
        "productData": {
            "name": "V Energy Drink Sugar Free Guarana Bottle 350ml",
            "productId": "v-energy-drink-sugar-free-guarana-bottle-350ml",
            "productShopPage": "https://renwick.store.supervalue.co.nz/lines/v-energy-drink-sugar-free-guarana-bottle-350ml",
            "productImageURL": "https://dtgxwmigmg3gc.cloudfront.net/imagery/assets/derivations/icon/512/512/true/eyJpZCI6ImM4MGVkZDY3Mjg5MTdjYTdhMTgxMzUxMTVkZmFlNzcxIiwic3RvcmFnZSI6InB1YmxpY19zdG9yZSJ9?signature=bfa701331e490bfdd2ed98e1c24e4f875f18a45383fc75ce599441cb0aa072cd",
            "productDescription": "",
            "volume": "350ml"
        },
        "priceData": {
            "bestPrice": "4.00",
            "price": "4.00",
            "pricePerLitre": 11.428571428571429,
            "bestPricePerLitre": 11.428571428571429
        },
        "store": {
            "id": "5e75ab6e04015f1b680025ca",
            "name": "Renwick"
        }
    },
    {
        "productData": {
            "name": "Monster Super Fuel Zero Sugar 550ml",
            "productId": "monster-super-fuel-zero-sugar-550ml",
            "productShopPage": "https://renwick.store.supervalue.co.nz/lines/monster-super-fuel-zero-sugar-550ml",
            "productImageURL": "https://dtgxwmigmg3gc.cloudfront.net/imagery/assets/derivations/icon/512/512/true/eyJpZCI6IjY3MjMyNWYxY2I3ZmU0ZTA1MThmNDhjNDhlODM4MDY1Iiwic3RvcmFnZSI6InB1YmxpY19zdG9yZSJ9?signature=b7227b86ec894bac082ac13fc5cca73f6b02d9cd28e8faf04f161ef8a679b36b",
            "productDescription": "",
            "volume": "550ml"
        },
        "priceData": {
            "bestPrice": "4.70",
            "price": "4.70",
            "pricePerLitre": 8.545454545454545,
            "bestPricePerLitre": 8.545454545454545
        },
        "store": {
            "id": "5e75ab6e04015f1b680025ca",
            "name": "Renwick"
        }
    },
    {
        "productData": {
            "name": "Monster Mule Energy Drink 500ml",
            "productId": "monster-mule-ginger-brew-500ml",
            "productShopPage": "https://renwick.store.supervalue.co.nz/lines/monster-mule-ginger-brew-500ml",
            "productImageURL": "https://dtgxwmigmg3gc.cloudfront.net/imagery/assets/derivations/icon/512/512/true/eyJpZCI6ImM1OTM5MTIyZTRlNmNhNzk0ODFlMDE4ZWVmMWE2Y2ZlIiwic3RvcmFnZSI6InB1YmxpY19zdG9yZSJ9?signature=5d11287f30ef58c148e37382d61c0d83097d5461683a9aa5dd9456941c1f32e5",
            "productDescription": "",
            "volume": "500ml"
        },
        "priceData": {
            "bestPrice": "3.60",
            "price": "3.60",
            "pricePerLitre": 7.2,
            "bestPricePerLitre": 7.2
        },
        "store": {
            "id": "5e75ab6e04015f1b680025ca",
            "name": "Renwick"
        }
    },
    {
        "productData": {
            "name": "Monster Super Fuel Purple Passion 550ml",
            "productId": "monster-super-fuel-purple-passion-550ml",
            "productShopPage": "https://renwick.store.supervalue.co.nz/lines/monster-super-fuel-purple-passion-550ml",
            "productImageURL": "https://dtgxwmigmg3gc.cloudfront.net/imagery/assets/derivations/icon/512/512/true/eyJpZCI6Ijk2ZmZhZDhjZjMzMWRjZWRmNDlmZTY5NmY3OTAyOGMzIiwic3RvcmFnZSI6InB1YmxpY19zdG9yZSJ9?signature=06ec77da27eea4424e4efdf65129ae962724881f5c51b840443ba5ee91a0c593",
            "productDescription": "",
            "volume": "550ml"
        },
        "priceData": {
            "bestPrice": "4.70",
            "price": "4.70",
            "pricePerLitre": 8.545454545454545,
            "bestPricePerLitre": 8.545454545454545
        },
        "store": {
            "id": "5e75ab6e04015f1b680025ca",
            "name": "Renwick"
        }
    },
    {
        "productData": {
            "name": "Monster Energy Pipeline Punch 500ml",
            "productId": "monster-energy-pipeline-punch-500ml",
            "productShopPage": "https://renwick.store.supervalue.co.nz/lines/monster-energy-pipeline-punch-500ml",
            "productImageURL": "https://dtgxwmigmg3gc.cloudfront.net/imagery/assets/derivations/icon/512/512/true/eyJpZCI6IjBhODJhZGNkMWY5YThiMWQ5ZjY0YjRjNGE0YWQwMzMxIiwic3RvcmFnZSI6InB1YmxpY19zdG9yZSJ9?signature=7a4880545cb059c8f06a41c671fb0785b7cddf3903741ed2f081d6bcf2e5189f",
            "productDescription": "",
            "volume": "500ml"
        },
        "priceData": {
            "bestPrice": "3.60",
            "price": "3.60",
            "pricePerLitre": 7.2,
            "bestPricePerLitre": 7.2
        },
        "store": {
            "id": "5e75ab6e04015f1b680025ca",
            "name": "Renwick"
        }
    },
    {
        "productData": {
            "name": "Live Plus Energy Drink Citrus Flavour 500ml",
            "productId": "live-plus-persist-500ml",
            "productShopPage": "https://renwick.store.supervalue.co.nz/lines/live-plus-persist-500ml",
            "productImageURL": "https://dtgxwmigmg3gc.cloudfront.net/imagery/assets/derivations/icon/512/512/true/eyJpZCI6IjFlNWQ5YzI4OWM1N2UzNmYzZmI2NThlMDQzZTI3ZjE4Iiwic3RvcmFnZSI6InB1YmxpY19zdG9yZSJ9?signature=756b17fefe47174b90e7dbec8cd09db27f9f59f4994bc750b71256ae93ba9fa8",
            "productDescription": "",
            "volume": "500ml"
        },
        "priceData": {
            "bestPrice": "3.20",
            "price": "3.20",
            "pricePerLitre": 6.4,
            "bestPricePerLitre": 6.4
        },
        "store": {
            "id": "5e75ab6e04015f1b680025ca",
            "name": "Renwick"
        }
    },
    {
        "productData": {
            "name": "Rockstar Punched Energy Guava 500ml",
            "productId": "rockstar-punched-energy-guava-500ml",
            "productShopPage": "https://renwick.store.supervalue.co.nz/lines/rockstar-punched-energy-guava-500ml",
            "productImageURL": "https://dtgxwmigmg3gc.cloudfront.net/imagery/assets/derivations/icon/512/512/true/eyJpZCI6ImEzMDQwMDA1ZTlmNTRmNTczMTYzMDE1Yjk2NTFmZDIxIiwic3RvcmFnZSI6InB1YmxpY19zdG9yZSJ9?signature=bfb6b62e0f648da1212eb37234f40b47cf3251c956e2d837473e2acee3a5a4ef",
            "productDescription": "",
            "volume": "500ml"
        },
        "priceData": {
            "bestPrice": "2.20",
            "price": "2.20",
            "pricePerLitre": 4.4,
            "bestPricePerLitre": 4.4
        },
        "store": {
            "id": "5e75ab6e04015f1b680025ca",
            "name": "Renwick"
        }
    },
    {
        "productData": {
            "name": "Rockstar Punched Watermelon Freeze Energy Drink 500ml",
            "productId": "rockstar-punched-watermelon-freeze-energy-drink-500ml",
            "productShopPage": "https://renwick.store.supervalue.co.nz/lines/rockstar-punched-watermelon-freeze-energy-drink-500ml",
            "productImageURL": "https://dtgxwmigmg3gc.cloudfront.net/imagery/assets/derivations/icon/512/512/true/eyJpZCI6IjMwNWZiYWU5NDYxNjM1YWMwMzg2ZmE2YmEwMzI0OGE4Iiwic3RvcmFnZSI6InB1YmxpY19zdG9yZSJ9?signature=d61579883b184198e118cab26c89182157456ec573702dbaa85918994ce38a86",
            "productDescription": "",
            "volume": "500ml"
        },
        "priceData": {
            "bestPrice": "2.20",
            "price": "2.20",
            "pricePerLitre": 4.4,
            "bestPricePerLitre": 4.4
        },
        "store": {
            "id": "5e75ab6e04015f1b680025ca",
            "name": "Renwick"
        }
    },
    {
        "productData": {
            "name": "Live Plus Energy Drink Sugar Free Citrus Flavour 250ml",
            "productId": "live-plus-zero-sug-citrus-500ml",
            "productShopPage": "https://renwick.store.supervalue.co.nz/lines/live-plus-zero-sug-citrus-500ml",
            "productImageURL": "https://dtgxwmigmg3gc.cloudfront.net/imagery/assets/derivations/icon/512/512/true/eyJpZCI6IjhkZGE2ODE2ZDc4Y2E5MmUxZTQ3YjAxOWExZjNlMTU5Iiwic3RvcmFnZSI6InB1YmxpY19zdG9yZSJ9?signature=ab72ec55544855bdd6eb188264cd302aac7f6bc747af365b1624653223d6953d",
            "productDescription": "",
            "volume": "250ml"
        },
        "priceData": {
            "bestPrice": "3.20",
            "price": "3.20",
            "pricePerLitre": 12.8,
            "bestPricePerLitre": 12.8
        },
        "store": {
            "id": "5e75ab6e04015f1b680025ca",
            "name": "Renwick"
        }
    },
    {
        "productData": {
            "name": "Monster Ultra Fiesta Energy 500ml",
            "productId": "monster-ultra-fiesta-energy-500ml",
            "productShopPage": "https://renwick.store.supervalue.co.nz/lines/monster-ultra-fiesta-energy-500ml",
            "productImageURL": "https://dtgxwmigmg3gc.cloudfront.net/imagery/assets/derivations/icon/512/512/true/eyJpZCI6Ijg5N2U0MTUxNjJmNzU3MDA2MjQ3MGU2OWU5NWVhMzY2LmpwZyIsInN0b3JhZ2UiOiJwdWJsaWNfc3RvcmUifQ?signature=b5e95acb1f97789b134681678c5ac2a1847e8d33e7fad84f9ec384b4f5b59496",
            "productDescription": "",
            "volume": "500ml"
        },
        "priceData": {
            "bestPrice": "3.60",
            "price": "3.60",
            "pricePerLitre": 7.2,
            "bestPricePerLitre": 7.2
        },
        "store": {
            "id": "5e75ab6e04015f1b680025ca",
            "name": "Renwick"
        }
    },
    {
        "productData": {
            "name": "Rockstar Energy Drink Blueberry Can 500ml",
            "productId": "rockstar-energy-drink-blueberry-can-500ml",
            "productShopPage": "https://renwick.store.supervalue.co.nz/lines/rockstar-energy-drink-blueberry-can-500ml",
            "productImageURL": "https://dtgxwmigmg3gc.cloudfront.net/imagery/assets/derivations/icon/512/512/true/eyJpZCI6ImI1N2Q4NGI2ZGNjM2JiNDYyNzE0MDM1NDBmNDFiMTczIiwic3RvcmFnZSI6InB1YmxpY19zdG9yZSJ9?signature=7e05418bac60cf5dc657a6490b215fa93221265cb5d03bdab391f3993e9949d7",
            "productDescription": "",
            "volume": "500ml"
        },
        "priceData": {
            "bestPrice": "2.20",
            "price": "2.20",
            "pricePerLitre": 4.4,
            "bestPricePerLitre": 4.4
        },
        "store": {
            "id": "5e75ab6e04015f1b680025ca",
            "name": "Renwick"
        }
    },
    {
        "productData": {
            "name": "Live Plus Energy Drink Tart Apple Apple Flavour 250ml",
            "productId": "live-plus-energy-drink-tart-apple-apple-flavour-250ml",
            "productShopPage": "https://renwick.store.supervalue.co.nz/lines/live-plus-energy-drink-tart-apple-apple-flavour-250ml",
            "productImageURL": "https://dtgxwmigmg3gc.cloudfront.net/imagery/assets/derivations/icon/512/512/true/eyJpZCI6ImYzMGEyNDQ5YmI4YTkxZTMzNjM2ZGY3NWJlNTc2Mjg1Iiwic3RvcmFnZSI6InB1YmxpY19zdG9yZSJ9?signature=2a08b4915e71c4f4630a68f5915a1cf5b1f4bbc14de24d902f46492cc9ea7b1f",
            "productDescription": "",
            "volume": "250ml"
        },
        "priceData": {
            "bestPrice": "2.50",
            "price": "2.50",
            "pricePerLitre": 10.0,
            "bestPricePerLitre": 10.0
        },
        "store": {
            "id": "5e75ab6e04015f1b680025ca",
            "name": "Renwick"
        }
    },
    {
        "productData": {
            "name": "Live Plus Energy Drink Original Cans 250ml",
            "productId": "live-plus-energy-drink-original-cans-250ml",
            "productShopPage": "https://renwick.store.supervalue.co.nz/lines/live-plus-energy-drink-original-cans-250ml",
            "productImageURL": "https://dtgxwmigmg3gc.cloudfront.net/imagery/assets/derivations/icon/512/512/true/eyJpZCI6IjJkOWMwNTExZWI5MDY3MmRhYzk2OWQzYTlmMDZlMzg4Iiwic3RvcmFnZSI6InB1YmxpY19zdG9yZSJ9?signature=ca15999b181bd95a0f396d2cd4687f7864bd189801bd1939021ec51f40f803ee",
            "productDescription": "",
            "volume": "250ml"
        },
        "priceData": {
            "bestPrice": "2.50",
            "price": "2.50",
            "pricePerLitre": 10.0,
            "bestPricePerLitre": 10.0
        },
        "store": {
            "id": "5e75ab6e04015f1b680025ca",
            "name": "Renwick"
        }
    },
    {
        "productData": {
            "name": "Musashi Energy Drink Blue Raspberry 500ml",
            "productId": "musashi-energy-drink-blue-raspberry-500ml",
            "productShopPage": "https://renwick.store.supervalue.co.nz/lines/musashi-energy-drink-blue-raspberry-500ml",
            "productImageURL": "https://dtgxwmigmg3gc.cloudfront.net/imagery/assets/derivations/icon/512/512/true/eyJpZCI6IjE5MzNlYTI1Mjk2MTRjZTgwNmE0YThiZTU2NmRhMGI1Iiwic3RvcmFnZSI6InB1YmxpY19zdG9yZSJ9?signature=6f2e80fb21b91bb7d7f6ae2f6d711d7b645a3490600386d066f024d673ee01e2",
            "productDescription": "",
            "volume": "500ml"
        },
        "priceData": {
            "bestPrice": "3.50",
            "price": "3.50",
            "pricePerLitre": 7.0,
            "bestPricePerLitre": 7.0
        },
        "store": {
            "id": "5e75ab6e04015f1b680025ca",
            "name": "Renwick"
        }
    },
    {
        "productData": {
            "name": "Musashi Energy Drink Fruit Crush 500ml",
            "productId": "musashi-energy-drink-fruit-crush-500ml",
            "productShopPage": "https://renwick.store.supervalue.co.nz/lines/musashi-energy-drink-fruit-crush-500ml",
            "productImageURL": "https://dtgxwmigmg3gc.cloudfront.net/imagery/assets/derivations/icon/512/512/true/eyJpZCI6IjExMTJjZTJlMjEyYjI4NTgwZjE0ZGZlYjE5MTgzNTQ5Iiwic3RvcmFnZSI6InB1YmxpY19zdG9yZSJ9?signature=249030276f0de6f4760c079da56b20c58d0b82a78f36efe8fd80f2bbe4aed7d4",
            "productDescription": "",
            "volume": "500ml"
        },
        "priceData": {
            "bestPrice": "3.50",
            "price": "3.50",
            "pricePerLitre": 7.0,
            "bestPricePerLitre": 7.0
        },
        "store": {
            "id": "5e75ab6e04015f1b680025ca",
            "name": "Renwick"
        }
    },
    {
        "productData": {
            "name": "Musashi Energy Drink Purple Grape 500ml",
            "productId": "musashi-energy-drink-purple-grape-500ml",
            "productShopPage": "https://renwick.store.supervalue.co.nz/lines/musashi-energy-drink-purple-grape-500ml",
            "productImageURL": "https://dtgxwmigmg3gc.cloudfront.net/imagery/assets/derivations/icon/512/512/true/eyJpZCI6IjkxZGM0ODYyYmZhNGViMTkwM2U4MTYzM2FiMDYzMDdlIiwic3RvcmFnZSI6InB1YmxpY19zdG9yZSJ9?signature=d6ff84062f4b227aaf76b6e0be9ec9742734bc67867684146ce6624e4bcef6bd",
            "productDescription": "",
            "volume": "500ml"
        },
        "priceData": {
            "bestPrice": "3.50",
            "price": "3.50",
            "pricePerLitre": 7.0,
            "bestPricePerLitre": 7.0
        },
        "store": {
            "id": "5e75ab6e04015f1b680025ca",
            "name": "Renwick"
        }
    },
    {
        "productData": {
            "name": "Monster Super Fuel Tropical Thunder 550ml",
            "productId": "monster-super-fuel-tropical-thunder-550ml",
            "productShopPage": "https://renwick.store.supervalue.co.nz/lines/monster-super-fuel-tropical-thunder-550ml",
            "productImageURL": "https://dtgxwmigmg3gc.cloudfront.net/imagery/assets/derivations/icon/512/512/true/eyJpZCI6ImU1MDMwZGIyMGNiOTQ2NWRlMWY3OWVkYmMxNGI4Zjg2Iiwic3RvcmFnZSI6InB1YmxpY19zdG9yZSJ9?signature=edda4faf145060b78b7a826b3d26392e4283e9f7f22cebee6de6f90f70d215de",
            "productDescription": "",
            "volume": "550ml"
        },
        "priceData": {
            "bestPrice": "4.70",
            "price": "4.70",
            "pricePerLitre": 8.545454545454545,
            "bestPricePerLitre": 8.545454545454545
        },
        "store": {
            "id": "5e75ab6e04015f1b680025ca",
            "name": "Renwick"
        }
    },
    {
        "productData": {
            "name": "V Refresh Energy Drink Citrus Lemonade 500ml Can 500ml",
            "productId": "v-refresh-energy-drink-citrus-lemonade-500ml-can-500ml",
            "productShopPage": "https://riverton.store.supervalue.co.nz/lines/v-refresh-energy-drink-citrus-lemonade-500ml-can-500ml",
            "productImageURL": "https://dtgxwmigmg3gc.cloudfront.net/imagery/assets/derivations/icon/512/512/true/eyJpZCI6IjVlN2QyZDg4OTlkNWVhZDc1OTM3YzEwZDgwOTg1NjJmIiwic3RvcmFnZSI6InB1YmxpY19zdG9yZSJ9?signature=35586a0457373f804173605ba7f35fb0b256a119e67175911e869a6f42785c11",
            "productDescription": "",
            "volume": "500ml"
        },
        "priceData": {
            "bestPrice": "3.30",
            "price": "3.30",
            "pricePerLitre": 6.6,
            "bestPricePerLitre": 6.6
        },
        "store": {
            "id": "5e75524c6d8e690cbc09b5b0",
            "name": "Riverton"
        }
    },
    {
        "productData": {
            "name": "V Refresh Energy Drink Pineapple Watermelon 500ml Can 500ml",
            "productId": "v-refresh-energy-drink-pineapple-watermelon-500ml-can-500ml",
            "productShopPage": "https://riverton.store.supervalue.co.nz/lines/v-refresh-energy-drink-pineapple-watermelon-500ml-can-500ml",
            "productImageURL": "https://dtgxwmigmg3gc.cloudfront.net/imagery/assets/derivations/icon/512/512/true/eyJpZCI6IjgzMTBmY2EwMzFkODkxOTAxNDFmYWNhMjZhZmFlZTI0Iiwic3RvcmFnZSI6InB1YmxpY19zdG9yZSJ9?signature=2062a73b018e86e0e6858a08c9fea597971ea894ef5eee6cfb310bcaa3201c6f",
            "productDescription": "",
            "volume": "500ml"
        },
        "priceData": {
            "bestPrice": "3.30",
            "price": "3.30",
            "pricePerLitre": 6.6,
            "bestPricePerLitre": 6.6
        },
        "store": {
            "id": "5e75524c6d8e690cbc09b5b0",
            "name": "Riverton"
        }
    },
    {
        "productData": {
            "name": "Monster Energy Drink Ultra Gold 500ml",
            "productId": "monster-energy-drink-ultra-gold-500ml",
            "productShopPage": "https://riverton.store.supervalue.co.nz/lines/monster-energy-drink-ultra-gold-500ml",
            "productImageURL": "https://dtgxwmigmg3gc.cloudfront.net/imagery/assets/derivations/icon/512/512/true/eyJpZCI6ImM3MmEwNWIyMjE0YTAzMjcyNzFhYjMyZTI4Zjk4MGFhIiwic3RvcmFnZSI6InB1YmxpY19zdG9yZSJ9?signature=b4f295a92992569de94ae4176268ca4a850af7b8377f28e19d8ddb65e0e09cc2",
            "productDescription": "",
            "volume": "500ml"
        },
        "priceData": {
            "bestPrice": "3.60",
            "price": "3.60",
            "pricePerLitre": 7.2,
            "bestPricePerLitre": 7.2
        },
        "store": {
            "id": "5e75524c6d8e690cbc09b5b0",
            "name": "Riverton"
        }
    },
    {
        "productData": {
            "name": "Mother Kicked Apple 500ml",
            "productId": "mother-kicked-apple-500ml",
            "productShopPage": "https://riverton.store.supervalue.co.nz/lines/mother-kicked-apple-500ml",
            "productImageURL": "https://dtgxwmigmg3gc.cloudfront.net/imagery/assets/derivations/icon/512/512/true/eyJpZCI6IjNhZTlkYjkwYTM4MDFjMGEwYjUwYThhMDAwYjkyZjM0Iiwic3RvcmFnZSI6InB1YmxpY19zdG9yZSJ9?signature=c1a1db0a5d7b074c388cf08560fd44a4a2b6127821554198e54eeea8474325f6",
            "productDescription": "",
            "volume": "500ml"
        },
        "priceData": {
            "bestPrice": "2.20",
            "price": "2.20",
            "pricePerLitre": 4.4,
            "bestPricePerLitre": 4.4
        },
        "store": {
            "id": "5e75524c6d8e690cbc09b5b0",
            "name": "Riverton"
        }
    },
    {
        "productData": {
            "name": "Monster Energy Drink Ultra Paradise 500ml",
            "productId": "monster-energy-drink-ultra-paradise-500ml",
            "productShopPage": "https://riverton.store.supervalue.co.nz/lines/monster-energy-drink-ultra-paradise-500ml",
            "productImageURL": "https://dtgxwmigmg3gc.cloudfront.net/imagery/assets/derivations/icon/512/512/true/eyJpZCI6IjU3ZTFkM2FiYTM1NTE5MjBjNGY3YWQ1MDlmN2JiM2FiIiwic3RvcmFnZSI6InB1YmxpY19zdG9yZSJ9?signature=f112dbd2da966f41ee31deb58894dec2d4e327e223dcd676069650d679f43cb5",
            "productDescription": "",
            "volume": "500ml"
        },
        "priceData": {
            "bestPrice": "3.60",
            "price": "3.60",
            "pricePerLitre": 7.2,
            "bestPricePerLitre": 7.2
        },
        "store": {
            "id": "5e75524c6d8e690cbc09b5b0",
            "name": "Riverton"
        }
    },
    {
        "productData": {
            "name": "Monster Energy Ultra Zero 500ml Can 500ml",
            "productId": "monster-energy-ultra-zero-500ml",
            "productShopPage": "https://riverton.store.supervalue.co.nz/lines/monster-energy-ultra-zero-500ml",
            "productImageURL": "https://dtgxwmigmg3gc.cloudfront.net/imagery/assets/derivations/icon/512/512/true/eyJpZCI6IjE2ZDZhZmVkN2M0YjVjMzRmMjExNGJhNWQyMzhlOTQ4Iiwic3RvcmFnZSI6InB1YmxpY19zdG9yZSJ9?signature=10ef7ab522a8389710a24973bac3bd88af990f17b5da987fda62632f41e72ced",
            "productDescription": "",
            "volume": "500ml"
        },
        "priceData": {
            "bestPrice": "3.60",
            "price": "3.60",
            "pricePerLitre": 7.2,
            "bestPricePerLitre": 7.2
        },
        "store": {
            "id": "5e75524c6d8e690cbc09b5b0",
            "name": "Riverton"
        }
    },
    {
        "productData": {
            "name": "Monster Energy Green 500ml",
            "productId": "monster-energy-green-500ml",
            "productShopPage": "https://riverton.store.supervalue.co.nz/lines/monster-energy-green-500ml",
            "productImageURL": "https://dtgxwmigmg3gc.cloudfront.net/imagery/assets/derivations/icon/512/512/true/eyJpZCI6IjdlMWQ4YzE4OWEzYjkxOWExNTNiZDRmMGNhMjA0MGFjIiwic3RvcmFnZSI6InB1YmxpY19zdG9yZSJ9?signature=7d8e276d7131e46748c715b58473be8fec7d21f3d10abd6d108f8b0cb856d4a3",
            "productDescription": "",
            "volume": "500ml"
        },
        "priceData": {
            "bestPrice": "3.60",
            "price": "3.60",
            "pricePerLitre": 7.2,
            "bestPricePerLitre": 7.2
        },
        "store": {
            "id": "5e75524c6d8e690cbc09b5b0",
            "name": "Riverton"
        }
    },
    {
        "productData": {
            "name": "Monster Energy Drink Ultra Rosa 500ml",
            "productId": "monster-energy-drink-ultra-rosa-500ml",
            "productShopPage": "https://riverton.store.supervalue.co.nz/lines/monster-energy-drink-ultra-rosa-500ml",
            "productImageURL": "https://dtgxwmigmg3gc.cloudfront.net/imagery/assets/derivations/icon/512/512/true/eyJpZCI6IjBmZDhiOGI4MDk3NDYzMDI0ZGQ4OTdhYTk2ZmVmMmRiIiwic3RvcmFnZSI6InB1YmxpY19zdG9yZSJ9?signature=b524829083fd581b245f26f999cd130415f1b63b346277cf6a7a0faece216093",
            "productDescription": "",
            "volume": "500ml"
        },
        "priceData": {
            "bestPrice": "3.60",
            "price": "3.60",
            "pricePerLitre": 7.2,
            "bestPricePerLitre": 7.2
        },
        "store": {
            "id": "5e75524c6d8e690cbc09b5b0",
            "name": "Riverton"
        }
    },
    {
        "productData": {
            "name": "Mother Energy Drink Berry 500ml",
            "productId": "mother-energy-drink-berry-500ml",
            "productShopPage": "https://riverton.store.supervalue.co.nz/lines/mother-energy-drink-berry-500ml",
            "productImageURL": "https://dtgxwmigmg3gc.cloudfront.net/imagery/assets/derivations/icon/512/512/true/eyJpZCI6ImRhYTJlNjUzNzRjZjViNjI0ZDljNzUzNDA3YmE0ZDFkIiwic3RvcmFnZSI6InB1YmxpY19zdG9yZSJ9?signature=d9ffb465d71d599811c2ff7a788845bfe297eb3624ad7866a89cf0b3ece073f0",
            "productDescription": "",
            "volume": "500ml"
        },
        "priceData": {
            "bestPrice": "2.20",
            "price": "2.20",
            "pricePerLitre": 4.4,
            "bestPricePerLitre": 4.4
        },
        "store": {
            "id": "5e75524c6d8e690cbc09b5b0",
            "name": "Riverton"
        }
    },
    {
        "productData": {
            "name": "Mother Energy Drink Black 500ml",
            "productId": "mother-energy-drink-black-500ml",
            "productShopPage": "https://riverton.store.supervalue.co.nz/lines/mother-energy-drink-black-500ml",
            "productImageURL": "https://dtgxwmigmg3gc.cloudfront.net/imagery/assets/derivations/icon/512/512/true/eyJpZCI6ImYyMzA5MjhkYjg3ODFhYmYzZDU3ZjE1YjNmYzU2MWFjIiwic3RvcmFnZSI6InB1YmxpY19zdG9yZSJ9?signature=d3dbddb83d3d457075cd5d8936bef0c5b48fce4fa3fe725995d8b6d57219ceb5",
            "productDescription": "",
            "volume": "500ml"
        },
        "priceData": {
            "bestPrice": "2.20",
            "price": "2.20",
            "pricePerLitre": 4.4,
            "bestPricePerLitre": 4.4
        },
        "store": {
            "id": "5e75524c6d8e690cbc09b5b0",
            "name": "Riverton"
        }
    },
    {
        "productData": {
            "name": "Mother Energy Drink Cans 250ml 6 Pack",
            "productId": "mother-energy-drink-6x250ml-cans",
            "productShopPage": "https://riverton.store.supervalue.co.nz/lines/mother-energy-drink-6x250ml-cans",
            "productImageURL": "https://dtgxwmigmg3gc.cloudfront.net/imagery/assets/derivations/icon/512/512/true/eyJpZCI6IjEyOGFhMmU0Y2VkYTU4ZWFkZmVhOWUwZjdlNTZhOTA4Iiwic3RvcmFnZSI6InB1YmxpY19zdG9yZSJ9?signature=5db1908f64527cf28fa7bf3266a83ab854a07ca50453511f7d414d8e6d5c10fb",
            "productDescription": "",
            "volume": "250ml"
        },
        "priceData": {
            "bestPrice": "8.00",
            "price": "8.00",
            "pricePerLitre": 32.0,
            "bestPricePerLitre": 32.0
        },
        "store": {
            "id": "5e75524c6d8e690cbc09b5b0",
            "name": "Riverton"
        }
    },
    {
        "productData": {
            "name": "Mother Energy Drink Passion 500ml",
            "productId": "mother-energy-drink-passion-500ml",
            "productShopPage": "https://riverton.store.supervalue.co.nz/lines/mother-energy-drink-passion-500ml",
            "productImageURL": "https://dtgxwmigmg3gc.cloudfront.net/imagery/assets/derivations/icon/512/512/true/eyJpZCI6ImFkZDQ3ZmI4MGJjMmU2ZTgxNDcxNDRhYWFmOWZkYzViIiwic3RvcmFnZSI6InB1YmxpY19zdG9yZSJ9?signature=c8aea44ce6ff965b9e87fcb9f60849b0328e9b8983b9d5547e51c910f8f5368b",
            "productDescription": "",
            "volume": "500ml"
        },
        "priceData": {
            "bestPrice": "2.20",
            "price": "2.20",
            "pricePerLitre": 4.4,
            "bestPricePerLitre": 4.4
        },
        "store": {
            "id": "5e75524c6d8e690cbc09b5b0",
            "name": "Riverton"
        }
    },
    {
        "productData": {
            "name": "Mother Tropical Blast 500ml",
            "productId": "mother-tropical-blast-500ml",
            "productShopPage": "https://riverton.store.supervalue.co.nz/lines/mother-tropical-blast-500ml",
            "productImageURL": "https://dtgxwmigmg3gc.cloudfront.net/imagery/assets/derivations/icon/512/512/true/eyJpZCI6IjY2ODFiOTc3MTY1OWVlZGI0YWU0ZDEwNmRkMWI3MTFmIiwic3RvcmFnZSI6InB1YmxpY19zdG9yZSJ9?signature=d1b01bfff1b3992a83da4126d87194cc3819f2c04c19ef718954650d0bb059a1",
            "productDescription": "",
            "volume": "500ml"
        },
        "priceData": {
            "bestPrice": "2.20",
            "price": "2.20",
            "pricePerLitre": 4.4,
            "bestPricePerLitre": 4.4
        },
        "store": {
            "id": "5e75524c6d8e690cbc09b5b0",
            "name": "Riverton"
        }
    },
    {
        "productData": {
            "name": "Mother Epic Swell Energy Drink Twisted Apple 500ml",
            "productId": "mother-epic-swell-energy-drink-twisted-apple-500ml",
            "productShopPage": "https://riverton.store.supervalue.co.nz/lines/mother-epic-swell-energy-drink-twisted-apple-500ml",
            "productImageURL": "https://dtgxwmigmg3gc.cloudfront.net/imagery/assets/derivations/icon/512/512/true/eyJpZCI6IjE3NGY3OWU3NDkwYTQ5MGE4NGFkNjYzZjVlODdjNzlmIiwic3RvcmFnZSI6InB1YmxpY19zdG9yZSJ9?signature=8b8c94eb83ff8e282e2c9309d499d02862cc0d052bea74cb186828b6e121cc4e",
            "productDescription": "",
            "volume": "500ml"
        },
        "priceData": {
            "bestPrice": "2.20",
            "price": "2.20",
            "pricePerLitre": 4.4,
            "bestPricePerLitre": 4.4
        },
        "store": {
            "id": "5e75524c6d8e690cbc09b5b0",
            "name": "Riverton"
        }
    },
    {
        "productData": {
            "name": "Monster Energy Juice Mango Loco 500ml",
            "productId": "monster-energy-juice-mango-loco-500ml-can",
            "productShopPage": "https://riverton.store.supervalue.co.nz/lines/monster-energy-juice-mango-loco-500ml-can",
            "productImageURL": "https://dtgxwmigmg3gc.cloudfront.net/imagery/assets/derivations/icon/512/512/true/eyJpZCI6ImFiNTMzOTMyOWEwYWQ0NzdjMjJjNjlkMzQxZTNhOGQxIiwic3RvcmFnZSI6InB1YmxpY19zdG9yZSJ9?signature=68e99f74abe4c896ded0dd7313a3b51988c1e1a783fd4322eb0d59affb53ec54",
            "productDescription": "",
            "volume": "500ml"
        },
        "priceData": {
            "bestPrice": "3.60",
            "price": "3.60",
            "pricePerLitre": 7.2,
            "bestPricePerLitre": 7.2
        },
        "store": {
            "id": "5e75524c6d8e690cbc09b5b0",
            "name": "Riverton"
        }
    },
    {
        "productData": {
            "name": "V Energy Drink Guarana 500ml",
            "productId": "v-energy-drink-guarana-500ml",
            "productShopPage": "https://riverton.store.supervalue.co.nz/lines/v-energy-drink-guarana-500ml",
            "productImageURL": "https://dtgxwmigmg3gc.cloudfront.net/imagery/assets/derivations/icon/512/512/true/eyJpZCI6IjgzZDAxMjhiMzg4NmEwZmE4YTE2ZjY2NWIzNmM2NzI2Iiwic3RvcmFnZSI6InB1YmxpY19zdG9yZSJ9?signature=f55ecc561066291a4e74a967db35ea2355f881bd1708bf400fd790032384ae4f",
            "productDescription": "",
            "volume": "500ml"
        },
        "priceData": {
            "bestPrice": "2.80",
            "price": "2.80",
            "pricePerLitre": 5.6,
            "bestPricePerLitre": 5.6
        },
        "store": {
            "id": "5e75524c6d8e690cbc09b5b0",
            "name": "Riverton"
        }
    },
    {
        "productData": {
            "name": "V Energy Drink Sugar Free Guarana 250ml",
            "productId": "v-energy-drink-sugar-free-guarana-250ml",
            "productShopPage": "https://riverton.store.supervalue.co.nz/lines/v-energy-drink-sugar-free-guarana-250ml",
            "productImageURL": "https://dtgxwmigmg3gc.cloudfront.net/imagery/assets/derivations/icon/512/512/true/eyJpZCI6ImZiNzM1NmU4NTMyZDllODlkZTljZmNlOGY2MzQ5NGQwIiwic3RvcmFnZSI6InB1YmxpY19zdG9yZSJ9?signature=72b0ce0a48ca796717c115fe5e8b4564501470f63bf80ae865d26e9d131a2b8c",
            "productDescription": "",
            "volume": "250ml"
        },
        "priceData": {
            "bestPrice": "2.40",
            "price": "2.40",
            "pricePerLitre": 9.6,
            "bestPricePerLitre": 9.6
        },
        "store": {
            "id": "5e75524c6d8e690cbc09b5b0",
            "name": "Riverton"
        }
    },
    {
        "productData": {
            "name": "V Energy Drink Blue Guarana Spritzed 350ml",
            "productId": "v-blue-energy-drink-blue-guarana-spritzed-350ml",
            "productShopPage": "https://riverton.store.supervalue.co.nz/lines/v-blue-energy-drink-blue-guarana-spritzed-350ml",
            "productImageURL": "https://dtgxwmigmg3gc.cloudfront.net/imagery/assets/derivations/icon/512/512/true/eyJpZCI6ImY2OTRlZGI4NjdlNWMzZDM5NzgzMDQ0ODFkMzUxZGZiIiwic3RvcmFnZSI6InB1YmxpY19zdG9yZSJ9?signature=591b3079cb9c2407a29b3bc348eaf42dc1d34daba5c9d7aba65be654725b6719",
            "productDescription": "",
            "volume": "350ml"
        },
        "priceData": {
            "bestPrice": "4.00",
            "price": "4.00",
            "pricePerLitre": 11.428571428571429,
            "bestPricePerLitre": 11.428571428571429
        },
        "store": {
            "id": "5e75524c6d8e690cbc09b5b0",
            "name": "Riverton"
        }
    },
    {
        "productData": {
            "name": "V Energy Drink Green Guarana 350ml",
            "productId": "v-energy-drink-green-guarana-350ml",
            "productShopPage": "https://riverton.store.supervalue.co.nz/lines/v-energy-drink-green-guarana-350ml",
            "productImageURL": "https://dtgxwmigmg3gc.cloudfront.net/imagery/assets/derivations/icon/512/512/true/eyJpZCI6IjRiNjY4ZjYxOTQ2ODYyN2MzM2NiZWMyNGUyNmIyODk4Iiwic3RvcmFnZSI6InB1YmxpY19zdG9yZSJ9?signature=4cded9cb42349eef45a593461f311b1bb7fa881295733879671ad9fe9887d30c",
            "productDescription": "",
            "volume": "350ml"
        },
        "priceData": {
            "bestPrice": "4.00",
            "price": "4.00",
            "pricePerLitre": 11.428571428571429,
            "bestPricePerLitre": 11.428571428571429
        },
        "store": {
            "id": "5e75524c6d8e690cbc09b5b0",
            "name": "Riverton"
        }
    },
    {
        "productData": {
            "name": "V Energy Drink Guarana Can 250ml",
            "productId": "v-energy-drink-guarana-can-250ml",
            "productShopPage": "https://riverton.store.supervalue.co.nz/lines/v-energy-drink-guarana-can-250ml",
            "productImageURL": "https://dtgxwmigmg3gc.cloudfront.net/imagery/assets/derivations/icon/512/512/true/eyJpZCI6Ijc3Nzk1NjE2ZDhhNmFiMThhYzEzODYzOTg2ZmNkNzgwIiwic3RvcmFnZSI6InB1YmxpY19zdG9yZSJ9?signature=f5de1854d43e19cc62bff86893d4a55615cd916f8425a4dccd170b52eba81255",
            "productDescription": "",
            "volume": "250ml"
        },
        "priceData": {
            "bestPrice": "2.40",
            "price": "2.40",
            "pricePerLitre": 9.6,
            "bestPricePerLitre": 9.6
        },
        "store": {
            "id": "5e75524c6d8e690cbc09b5b0",
            "name": "Riverton"
        }
    },
    {
        "productData": {
            "name": "V Energy Drink Guarana Can 500ml",
            "productId": "v-energy-drink-guarana-can-500ml",
            "productShopPage": "https://riverton.store.supervalue.co.nz/lines/v-energy-drink-guarana-can-500ml",
            "productImageURL": "https://dtgxwmigmg3gc.cloudfront.net/imagery/assets/derivations/icon/512/512/true/eyJpZCI6ImI0NjgzNGZjNDRkMjU0MjgzYzJjZGNhMzA2NWIxYjA5Iiwic3RvcmFnZSI6InB1YmxpY19zdG9yZSJ9?signature=265e8273409849423466e7623cbbdf8352940707b8830803eec391e8f32c9c5f",
            "productDescription": "",
            "volume": "500ml"
        },
        "priceData": {
            "bestPrice": "4.00",
            "price": "4.00",
            "pricePerLitre": 8.0,
            "bestPricePerLitre": 8.0
        },
        "store": {
            "id": "5e75524c6d8e690cbc09b5b0",
            "name": "Riverton"
        }
    },
    {
        "productData": {
            "name": "V Energy Drink Raspberry Lemonade 350ml",
            "productId": "v-energy-drink-raspberry-lemonade-350ml",
            "productShopPage": "https://riverton.store.supervalue.co.nz/lines/v-energy-drink-raspberry-lemonade-350ml",
            "productImageURL": "https://dtgxwmigmg3gc.cloudfront.net/imagery/assets/derivations/icon/512/512/true/eyJpZCI6IjliNWMwMGJkN2IxYWRhY2UxNzU5NzY1ZTI4MjUzZDgyIiwic3RvcmFnZSI6InB1YmxpY19zdG9yZSJ9?signature=1813e587f3636e394a15aa9e19234f9343024a6880220b0dda0a5d69b1f1c010",
            "productDescription": "",
            "volume": "350ml"
        },
        "priceData": {
            "bestPrice": "4.00",
            "price": "4.00",
            "pricePerLitre": 11.428571428571429,
            "bestPricePerLitre": 11.428571428571429
        },
        "store": {
            "id": "5e75524c6d8e690cbc09b5b0",
            "name": "Riverton"
        }
    },
    {
        "productData": {
            "name": "V Energy Drink Sugar Free Guarana 500ml",
            "productId": "v-energy-drink-sugar-free-guarana-500ml",
            "productShopPage": "https://riverton.store.supervalue.co.nz/lines/v-energy-drink-sugar-free-guarana-500ml",
            "productImageURL": "https://dtgxwmigmg3gc.cloudfront.net/imagery/assets/derivations/icon/512/512/true/eyJpZCI6Ijg4MGExMDYxOTY4NTJiYzM1ZTExMmU2MGE2OWYxNDE3Iiwic3RvcmFnZSI6InB1YmxpY19zdG9yZSJ9?signature=b0536d25b9da8158705e24c88e21fabbf85c1dabc19f18108c386e956ffd7045",
            "productDescription": "",
            "volume": "500ml"
        },
        "priceData": {
            "bestPrice": "4.00",
            "price": "4.00",
            "pricePerLitre": 8.0,
            "bestPricePerLitre": 8.0
        },
        "store": {
            "id": "5e75524c6d8e690cbc09b5b0",
            "name": "Riverton"
        }
    },
    {
        "productData": {
            "name": "V Blue Energy Drink Bottle 500ml",
            "productId": "v-blue-energy-drink-bottle-500ml",
            "productShopPage": "https://riverton.store.supervalue.co.nz/lines/v-blue-energy-drink-bottle-500ml",
            "productImageURL": "https://dtgxwmigmg3gc.cloudfront.net/imagery/assets/derivations/icon/512/512/true/eyJpZCI6IjgyYWYxYWY4MGI4MzUxODhiYmVhZGVhM2U2NzY0MzI5Iiwic3RvcmFnZSI6InB1YmxpY19zdG9yZSJ9?signature=7e70fc576864a528a1431734d680cbf177a11b419a692dbfd34800c31b8944ec",
            "productDescription": "",
            "volume": "500ml"
        },
        "priceData": {
            "bestPrice": "2.80",
            "price": "2.80",
            "pricePerLitre": 5.6,
            "bestPricePerLitre": 5.6
        },
        "store": {
            "id": "5e75524c6d8e690cbc09b5b0",
            "name": "Riverton"
        }
    },
    {
        "productData": {
            "name": "V Raspberry Lemonade Energy Drink 500ml",
            "productId": "v-energy-drink-raspberry-lemonade-500ml-can",
            "productShopPage": "https://riverton.store.supervalue.co.nz/lines/v-energy-drink-raspberry-lemonade-500ml-can",
            "productImageURL": "https://dtgxwmigmg3gc.cloudfront.net/imagery/assets/derivations/icon/512/512/true/eyJpZCI6ImE3N2Y5NzBmY2FhOWZhYmZiOTc3MmYyMzE4MGRiOTcxIiwic3RvcmFnZSI6InB1YmxpY19zdG9yZSJ9?signature=2bb7890fe6d7b0c0c6a522be31c78077be0aa570ca4c8aa5549ccf80761262dc",
            "productDescription": "",
            "volume": "500ml"
        },
        "priceData": {
            "bestPrice": "4.00",
            "price": "4.00",
            "pricePerLitre": 8.0,
            "bestPricePerLitre": 8.0
        },
        "store": {
            "id": "5e75524c6d8e690cbc09b5b0",
            "name": "Riverton"
        }
    },
    {
        "productData": {
            "name": "V Blue Energy Drink Blue Guarana Can 250ml",
            "productId": "v-blue-energy-drink-blue-guarana-can-250ml",
            "productShopPage": "https://riverton.store.supervalue.co.nz/lines/v-blue-energy-drink-blue-guarana-can-250ml",
            "productImageURL": "https://dtgxwmigmg3gc.cloudfront.net/imagery/assets/derivations/icon/512/512/true/eyJpZCI6IjBmZjQwNDEyZWQ2ZDk4YTg3YWQ2ZDUyMWZlNjM1YzJkIiwic3RvcmFnZSI6InB1YmxpY19zdG9yZSJ9?signature=8f745abe5614ec47b3d7a07f1a34ba529184a87b2a696211ba5a0f9f29c86bf0",
            "productDescription": "",
            "volume": "250ml"
        },
        "priceData": {
            "bestPrice": "2.40",
            "price": "2.40",
            "pricePerLitre": 9.6,
            "bestPricePerLitre": 9.6
        },
        "store": {
            "id": "5e75524c6d8e690cbc09b5b0",
            "name": "Riverton"
        }
    },
    {
        "productData": {
            "name": "V Blue Energy Drink Blue Guarana Can 500ml",
            "productId": "v-blue-energy-drink-blue-guarana-can-500ml",
            "productShopPage": "https://riverton.store.supervalue.co.nz/lines/v-blue-energy-drink-blue-guarana-can-500ml",
            "productImageURL": "https://dtgxwmigmg3gc.cloudfront.net/imagery/assets/derivations/icon/512/512/true/eyJpZCI6ImFmYjEyYjVjYTU2YWI5ZDJhMTVmNGY2MDg2NWFlNzgxIiwic3RvcmFnZSI6InB1YmxpY19zdG9yZSJ9?signature=b537a8cc5a2c0f90f1702b2c541db44c3a740a0ec4a96e92ab2d6537f9320e8d",
            "productDescription": "",
            "volume": "500ml"
        },
        "priceData": {
            "bestPrice": "4.00",
            "price": "4.00",
            "pricePerLitre": 8.0,
            "bestPricePerLitre": 8.0
        },
        "store": {
            "id": "5e75524c6d8e690cbc09b5b0",
            "name": "Riverton"
        }
    },
    {
        "productData": {
            "name": "V Energy Drink Sugar Free Guarana Bottle 350ml",
            "productId": "v-energy-drink-sugar-free-guarana-bottle-350ml",
            "productShopPage": "https://riverton.store.supervalue.co.nz/lines/v-energy-drink-sugar-free-guarana-bottle-350ml",
            "productImageURL": "https://dtgxwmigmg3gc.cloudfront.net/imagery/assets/derivations/icon/512/512/true/eyJpZCI6ImM4MGVkZDY3Mjg5MTdjYTdhMTgxMzUxMTVkZmFlNzcxIiwic3RvcmFnZSI6InB1YmxpY19zdG9yZSJ9?signature=bfa701331e490bfdd2ed98e1c24e4f875f18a45383fc75ce599441cb0aa072cd",
            "productDescription": "",
            "volume": "350ml"
        },
        "priceData": {
            "bestPrice": "4.00",
            "price": "4.00",
            "pricePerLitre": 11.428571428571429,
            "bestPricePerLitre": 11.428571428571429
        },
        "store": {
            "id": "5e75524c6d8e690cbc09b5b0",
            "name": "Riverton"
        }
    },
    {
        "productData": {
            "name": "Monster Super Fuel Zero Sugar 550ml",
            "productId": "monster-super-fuel-zero-sugar-550ml",
            "productShopPage": "https://riverton.store.supervalue.co.nz/lines/monster-super-fuel-zero-sugar-550ml",
            "productImageURL": "https://dtgxwmigmg3gc.cloudfront.net/imagery/assets/derivations/icon/512/512/true/eyJpZCI6IjY3MjMyNWYxY2I3ZmU0ZTA1MThmNDhjNDhlODM4MDY1Iiwic3RvcmFnZSI6InB1YmxpY19zdG9yZSJ9?signature=b7227b86ec894bac082ac13fc5cca73f6b02d9cd28e8faf04f161ef8a679b36b",
            "productDescription": "",
            "volume": "550ml"
        },
        "priceData": {
            "bestPrice": "4.70",
            "price": "4.70",
            "pricePerLitre": 8.545454545454545,
            "bestPricePerLitre": 8.545454545454545
        },
        "store": {
            "id": "5e75524c6d8e690cbc09b5b0",
            "name": "Riverton"
        }
    },
    {
        "productData": {
            "name": "Monster Mule Energy Drink 500ml",
            "productId": "monster-mule-ginger-brew-500ml",
            "productShopPage": "https://riverton.store.supervalue.co.nz/lines/monster-mule-ginger-brew-500ml",
            "productImageURL": "https://dtgxwmigmg3gc.cloudfront.net/imagery/assets/derivations/icon/512/512/true/eyJpZCI6ImM1OTM5MTIyZTRlNmNhNzk0ODFlMDE4ZWVmMWE2Y2ZlIiwic3RvcmFnZSI6InB1YmxpY19zdG9yZSJ9?signature=5d11287f30ef58c148e37382d61c0d83097d5461683a9aa5dd9456941c1f32e5",
            "productDescription": "",
            "volume": "500ml"
        },
        "priceData": {
            "bestPrice": "3.60",
            "price": "3.60",
            "pricePerLitre": 7.2,
            "bestPricePerLitre": 7.2
        },
        "store": {
            "id": "5e75524c6d8e690cbc09b5b0",
            "name": "Riverton"
        }
    },
    {
        "productData": {
            "name": "Monster Super Fuel Purple Passion 550ml",
            "productId": "monster-super-fuel-purple-passion-550ml",
            "productShopPage": "https://riverton.store.supervalue.co.nz/lines/monster-super-fuel-purple-passion-550ml",
            "productImageURL": "https://dtgxwmigmg3gc.cloudfront.net/imagery/assets/derivations/icon/512/512/true/eyJpZCI6Ijk2ZmZhZDhjZjMzMWRjZWRmNDlmZTY5NmY3OTAyOGMzIiwic3RvcmFnZSI6InB1YmxpY19zdG9yZSJ9?signature=06ec77da27eea4424e4efdf65129ae962724881f5c51b840443ba5ee91a0c593",
            "productDescription": "",
            "volume": "550ml"
        },
        "priceData": {
            "bestPrice": "4.70",
            "price": "4.70",
            "pricePerLitre": 8.545454545454545,
            "bestPricePerLitre": 8.545454545454545
        },
        "store": {
            "id": "5e75524c6d8e690cbc09b5b0",
            "name": "Riverton"
        }
    },
    {
        "productData": {
            "name": "Monster Energy Pipeline Punch 500ml",
            "productId": "monster-energy-pipeline-punch-500ml",
            "productShopPage": "https://riverton.store.supervalue.co.nz/lines/monster-energy-pipeline-punch-500ml",
            "productImageURL": "https://dtgxwmigmg3gc.cloudfront.net/imagery/assets/derivations/icon/512/512/true/eyJpZCI6IjBhODJhZGNkMWY5YThiMWQ5ZjY0YjRjNGE0YWQwMzMxIiwic3RvcmFnZSI6InB1YmxpY19zdG9yZSJ9?signature=7a4880545cb059c8f06a41c671fb0785b7cddf3903741ed2f081d6bcf2e5189f",
            "productDescription": "",
            "volume": "500ml"
        },
        "priceData": {
            "bestPrice": "3.60",
            "price": "3.60",
            "pricePerLitre": 7.2,
            "bestPricePerLitre": 7.2
        },
        "store": {
            "id": "5e75524c6d8e690cbc09b5b0",
            "name": "Riverton"
        }
    },
    {
        "productData": {
            "name": "Live Plus Energy Drink Citrus Flavour 500ml",
            "productId": "live-plus-persist-500ml",
            "productShopPage": "https://riverton.store.supervalue.co.nz/lines/live-plus-persist-500ml",
            "productImageURL": "https://dtgxwmigmg3gc.cloudfront.net/imagery/assets/derivations/icon/512/512/true/eyJpZCI6IjFlNWQ5YzI4OWM1N2UzNmYzZmI2NThlMDQzZTI3ZjE4Iiwic3RvcmFnZSI6InB1YmxpY19zdG9yZSJ9?signature=756b17fefe47174b90e7dbec8cd09db27f9f59f4994bc750b71256ae93ba9fa8",
            "productDescription": "",
            "volume": "500ml"
        },
        "priceData": {
            "bestPrice": "2.20",
            "price": "2.20",
            "pricePerLitre": 4.4,
            "bestPricePerLitre": 4.4
        },
        "store": {
            "id": "5e75524c6d8e690cbc09b5b0",
            "name": "Riverton"
        }
    },
    {
        "productData": {
            "name": "Rockstar Original Energy Drink 500ml",
            "productId": "rockstar-original-energy-drink-500ml",
            "productShopPage": "https://riverton.store.supervalue.co.nz/lines/rockstar-original-energy-drink-500ml",
            "productImageURL": "https://dtgxwmigmg3gc.cloudfront.net/imagery/assets/derivations/icon/512/512/true/eyJpZCI6IjU3ZDZkYWUyNGJjNjZmNDNlOGIzY2VjNzUxMjRhMjI3Iiwic3RvcmFnZSI6InB1YmxpY19zdG9yZSJ9?signature=9188953bef1e966209f16fc8764ba247eac95345644fc57ad5992e177e099176",
            "productDescription": "",
            "volume": "500ml"
        },
        "priceData": {
            "bestPrice": "2.20",
            "price": "2.20",
            "pricePerLitre": 4.4,
            "bestPricePerLitre": 4.4
        },
        "store": {
            "id": "5e75524c6d8e690cbc09b5b0",
            "name": "Riverton"
        }
    },
    {
        "productData": {
            "name": "Rockstar Punched Energy Guava 500ml",
            "productId": "rockstar-punched-energy-guava-500ml",
            "productShopPage": "https://riverton.store.supervalue.co.nz/lines/rockstar-punched-energy-guava-500ml",
            "productImageURL": "https://dtgxwmigmg3gc.cloudfront.net/imagery/assets/derivations/icon/512/512/true/eyJpZCI6ImEzMDQwMDA1ZTlmNTRmNTczMTYzMDE1Yjk2NTFmZDIxIiwic3RvcmFnZSI6InB1YmxpY19zdG9yZSJ9?signature=bfb6b62e0f648da1212eb37234f40b47cf3251c956e2d837473e2acee3a5a4ef",
            "productDescription": "",
            "volume": "500ml"
        },
        "priceData": {
            "bestPrice": "2.20",
            "price": "2.20",
            "pricePerLitre": 4.4,
            "bestPricePerLitre": 4.4
        },
        "store": {
            "id": "5e75524c6d8e690cbc09b5b0",
            "name": "Riverton"
        }
    },
    {
        "productData": {
            "name": "Monster Ultra Fiesta Energy 500ml",
            "productId": "monster-ultra-fiesta-energy-500ml",
            "productShopPage": "https://riverton.store.supervalue.co.nz/lines/monster-ultra-fiesta-energy-500ml",
            "productImageURL": "https://dtgxwmigmg3gc.cloudfront.net/imagery/assets/derivations/icon/512/512/true/eyJpZCI6Ijg5N2U0MTUxNjJmNzU3MDA2MjQ3MGU2OWU5NWVhMzY2LmpwZyIsInN0b3JhZ2UiOiJwdWJsaWNfc3RvcmUifQ?signature=b5e95acb1f97789b134681678c5ac2a1847e8d33e7fad84f9ec384b4f5b59496",
            "productDescription": "",
            "volume": "500ml"
        },
        "priceData": {
            "bestPrice": "3.60",
            "price": "3.60",
            "pricePerLitre": 7.2,
            "bestPricePerLitre": 7.2
        },
        "store": {
            "id": "5e75524c6d8e690cbc09b5b0",
            "name": "Riverton"
        }
    },
    {
        "productData": {
            "name": "Live Plus Energy Drink Original Cans 250ml",
            "productId": "live-plus-energy-drink-original-cans-250ml",
            "productShopPage": "https://riverton.store.supervalue.co.nz/lines/live-plus-energy-drink-original-cans-250ml",
            "productImageURL": "https://dtgxwmigmg3gc.cloudfront.net/imagery/assets/derivations/icon/512/512/true/eyJpZCI6IjJkOWMwNTExZWI5MDY3MmRhYzk2OWQzYTlmMDZlMzg4Iiwic3RvcmFnZSI6InB1YmxpY19zdG9yZSJ9?signature=ca15999b181bd95a0f396d2cd4687f7864bd189801bd1939021ec51f40f803ee",
            "productDescription": "",
            "volume": "250ml"
        },
        "priceData": {
            "bestPrice": "2.50",
            "price": "2.50",
            "pricePerLitre": 10.0,
            "bestPricePerLitre": 10.0
        },
        "store": {
            "id": "5e75524c6d8e690cbc09b5b0",
            "name": "Riverton"
        }
    },
    {
        "productData": {
            "name": "Monster Super Fuel Tropical Thunder 550ml",
            "productId": "monster-super-fuel-tropical-thunder-550ml",
            "productShopPage": "https://riverton.store.supervalue.co.nz/lines/monster-super-fuel-tropical-thunder-550ml",
            "productImageURL": "https://dtgxwmigmg3gc.cloudfront.net/imagery/assets/derivations/icon/512/512/true/eyJpZCI6ImU1MDMwZGIyMGNiOTQ2NWRlMWY3OWVkYmMxNGI4Zjg2Iiwic3RvcmFnZSI6InB1YmxpY19zdG9yZSJ9?signature=edda4faf145060b78b7a826b3d26392e4283e9f7f22cebee6de6f90f70d215de",
            "productDescription": "",
            "volume": "550ml"
        },
        "priceData": {
            "bestPrice": "4.70",
            "price": "4.70",
            "pricePerLitre": 8.545454545454545,
            "bestPricePerLitre": 8.545454545454545
        },
        "store": {
            "id": "5e75524c6d8e690cbc09b5b0",
            "name": "Riverton"
        }
    },
    {
        "productData": {
            "name": "V Refresh Energy Drink Citrus Lemonade 500ml Can 500ml",
            "productId": "v-refresh-energy-drink-citrus-lemonade-500ml-can-500ml",
            "productShopPage": "https://roxburgh.store.supervalue.co.nz/lines/v-refresh-energy-drink-citrus-lemonade-500ml-can-500ml",
            "productImageURL": "https://dtgxwmigmg3gc.cloudfront.net/imagery/assets/derivations/icon/512/512/true/eyJpZCI6IjVlN2QyZDg4OTlkNWVhZDc1OTM3YzEwZDgwOTg1NjJmIiwic3RvcmFnZSI6InB1YmxpY19zdG9yZSJ9?signature=35586a0457373f804173605ba7f35fb0b256a119e67175911e869a6f42785c11",
            "productDescription": "",
            "volume": "500ml"
        },
        "priceData": {
            "bestPrice": "3.30",
            "price": "3.30",
            "pricePerLitre": 6.6,
            "bestPricePerLitre": 6.6
        },
        "store": {
            "id": "5e7923a7ec28667eea0260eb",
            "name": "Roxburgh"
        }
    },
    {
        "productData": {
            "name": "V Refresh Energy Drink Pineapple Watermelon 500ml Can 500ml",
            "productId": "v-refresh-energy-drink-pineapple-watermelon-500ml-can-500ml",
            "productShopPage": "https://roxburgh.store.supervalue.co.nz/lines/v-refresh-energy-drink-pineapple-watermelon-500ml-can-500ml",
            "productImageURL": "https://dtgxwmigmg3gc.cloudfront.net/imagery/assets/derivations/icon/512/512/true/eyJpZCI6IjgzMTBmY2EwMzFkODkxOTAxNDFmYWNhMjZhZmFlZTI0Iiwic3RvcmFnZSI6InB1YmxpY19zdG9yZSJ9?signature=2062a73b018e86e0e6858a08c9fea597971ea894ef5eee6cfb310bcaa3201c6f",
            "productDescription": "",
            "volume": "500ml"
        },
        "priceData": {
            "bestPrice": "3.30",
            "price": "3.30",
            "pricePerLitre": 6.6,
            "bestPricePerLitre": 6.6
        },
        "store": {
            "id": "5e7923a7ec28667eea0260eb",
            "name": "Roxburgh"
        }
    },
    {
        "productData": {
            "name": "Monster Energy Drink Ultra Gold 500ml",
            "productId": "monster-energy-drink-ultra-gold-500ml",
            "productShopPage": "https://roxburgh.store.supervalue.co.nz/lines/monster-energy-drink-ultra-gold-500ml",
            "productImageURL": "https://dtgxwmigmg3gc.cloudfront.net/imagery/assets/derivations/icon/512/512/true/eyJpZCI6ImM3MmEwNWIyMjE0YTAzMjcyNzFhYjMyZTI4Zjk4MGFhIiwic3RvcmFnZSI6InB1YmxpY19zdG9yZSJ9?signature=b4f295a92992569de94ae4176268ca4a850af7b8377f28e19d8ddb65e0e09cc2",
            "productDescription": "",
            "volume": "500ml"
        },
        "priceData": {
            "bestPrice": "3.60",
            "price": "3.60",
            "pricePerLitre": 7.2,
            "bestPricePerLitre": 7.2
        },
        "store": {
            "id": "5e7923a7ec28667eea0260eb",
            "name": "Roxburgh"
        }
    },
    {
        "productData": {
            "name": "Mother Kicked Apple 500ml",
            "productId": "mother-kicked-apple-500ml",
            "productShopPage": "https://roxburgh.store.supervalue.co.nz/lines/mother-kicked-apple-500ml",
            "productImageURL": "https://dtgxwmigmg3gc.cloudfront.net/imagery/assets/derivations/icon/512/512/true/eyJpZCI6IjNhZTlkYjkwYTM4MDFjMGEwYjUwYThhMDAwYjkyZjM0Iiwic3RvcmFnZSI6InB1YmxpY19zdG9yZSJ9?signature=c1a1db0a5d7b074c388cf08560fd44a4a2b6127821554198e54eeea8474325f6",
            "productDescription": "",
            "volume": "500ml"
        },
        "priceData": {
            "bestPrice": "3.20",
            "price": "3.20",
            "pricePerLitre": 6.4,
            "bestPricePerLitre": 6.4
        },
        "store": {
            "id": "5e7923a7ec28667eea0260eb",
            "name": "Roxburgh"
        }
    },
    {
        "productData": {
            "name": "Monster Energy Drink Ultra Paradise 500ml",
            "productId": "monster-energy-drink-ultra-paradise-500ml",
            "productShopPage": "https://roxburgh.store.supervalue.co.nz/lines/monster-energy-drink-ultra-paradise-500ml",
            "productImageURL": "https://dtgxwmigmg3gc.cloudfront.net/imagery/assets/derivations/icon/512/512/true/eyJpZCI6IjU3ZTFkM2FiYTM1NTE5MjBjNGY3YWQ1MDlmN2JiM2FiIiwic3RvcmFnZSI6InB1YmxpY19zdG9yZSJ9?signature=f112dbd2da966f41ee31deb58894dec2d4e327e223dcd676069650d679f43cb5",
            "productDescription": "",
            "volume": "500ml"
        },
        "priceData": {
            "bestPrice": "3.60",
            "price": "3.60",
            "pricePerLitre": 7.2,
            "bestPricePerLitre": 7.2
        },
        "store": {
            "id": "5e7923a7ec28667eea0260eb",
            "name": "Roxburgh"
        }
    },
    {
        "productData": {
            "name": "Monster Energy Ultra Zero 500ml Can 500ml",
            "productId": "monster-energy-ultra-zero-500ml",
            "productShopPage": "https://roxburgh.store.supervalue.co.nz/lines/monster-energy-ultra-zero-500ml",
            "productImageURL": "https://dtgxwmigmg3gc.cloudfront.net/imagery/assets/derivations/icon/512/512/true/eyJpZCI6IjE2ZDZhZmVkN2M0YjVjMzRmMjExNGJhNWQyMzhlOTQ4Iiwic3RvcmFnZSI6InB1YmxpY19zdG9yZSJ9?signature=10ef7ab522a8389710a24973bac3bd88af990f17b5da987fda62632f41e72ced",
            "productDescription": "",
            "volume": "500ml"
        },
        "priceData": {
            "bestPrice": "3.60",
            "price": "3.60",
            "pricePerLitre": 7.2,
            "bestPricePerLitre": 7.2
        },
        "store": {
            "id": "5e7923a7ec28667eea0260eb",
            "name": "Roxburgh"
        }
    },
    {
        "productData": {
            "name": "Monster Energy Green 500ml",
            "productId": "monster-energy-green-500ml",
            "productShopPage": "https://roxburgh.store.supervalue.co.nz/lines/monster-energy-green-500ml",
            "productImageURL": "https://dtgxwmigmg3gc.cloudfront.net/imagery/assets/derivations/icon/512/512/true/eyJpZCI6IjdlMWQ4YzE4OWEzYjkxOWExNTNiZDRmMGNhMjA0MGFjIiwic3RvcmFnZSI6InB1YmxpY19zdG9yZSJ9?signature=7d8e276d7131e46748c715b58473be8fec7d21f3d10abd6d108f8b0cb856d4a3",
            "productDescription": "",
            "volume": "500ml"
        },
        "priceData": {
            "bestPrice": "3.60",
            "price": "3.60",
            "pricePerLitre": 7.2,
            "bestPricePerLitre": 7.2
        },
        "store": {
            "id": "5e7923a7ec28667eea0260eb",
            "name": "Roxburgh"
        }
    },
    {
        "productData": {
            "name": "Monster Energy Drink Ultra Rosa 500ml",
            "productId": "monster-energy-drink-ultra-rosa-500ml",
            "productShopPage": "https://roxburgh.store.supervalue.co.nz/lines/monster-energy-drink-ultra-rosa-500ml",
            "productImageURL": "https://dtgxwmigmg3gc.cloudfront.net/imagery/assets/derivations/icon/512/512/true/eyJpZCI6IjBmZDhiOGI4MDk3NDYzMDI0ZGQ4OTdhYTk2ZmVmMmRiIiwic3RvcmFnZSI6InB1YmxpY19zdG9yZSJ9?signature=b524829083fd581b245f26f999cd130415f1b63b346277cf6a7a0faece216093",
            "productDescription": "",
            "volume": "500ml"
        },
        "priceData": {
            "bestPrice": "3.60",
            "price": "3.60",
            "pricePerLitre": 7.2,
            "bestPricePerLitre": 7.2
        },
        "store": {
            "id": "5e7923a7ec28667eea0260eb",
            "name": "Roxburgh"
        }
    },
    {
        "productData": {
            "name": "Mother Energy Drink Black 500ml",
            "productId": "mother-energy-drink-black-500ml",
            "productShopPage": "https://roxburgh.store.supervalue.co.nz/lines/mother-energy-drink-black-500ml",
            "productImageURL": "https://dtgxwmigmg3gc.cloudfront.net/imagery/assets/derivations/icon/512/512/true/eyJpZCI6ImYyMzA5MjhkYjg3ODFhYmYzZDU3ZjE1YjNmYzU2MWFjIiwic3RvcmFnZSI6InB1YmxpY19zdG9yZSJ9?signature=d3dbddb83d3d457075cd5d8936bef0c5b48fce4fa3fe725995d8b6d57219ceb5",
            "productDescription": "",
            "volume": "500ml"
        },
        "priceData": {
            "bestPrice": "3.20",
            "price": "3.20",
            "pricePerLitre": 6.4,
            "bestPricePerLitre": 6.4
        },
        "store": {
            "id": "5e7923a7ec28667eea0260eb",
            "name": "Roxburgh"
        }
    },
    {
        "productData": {
            "name": "Mother Energy Drink Passion 500ml",
            "productId": "mother-energy-drink-passion-500ml",
            "productShopPage": "https://roxburgh.store.supervalue.co.nz/lines/mother-energy-drink-passion-500ml",
            "productImageURL": "https://dtgxwmigmg3gc.cloudfront.net/imagery/assets/derivations/icon/512/512/true/eyJpZCI6ImFkZDQ3ZmI4MGJjMmU2ZTgxNDcxNDRhYWFmOWZkYzViIiwic3RvcmFnZSI6InB1YmxpY19zdG9yZSJ9?signature=c8aea44ce6ff965b9e87fcb9f60849b0328e9b8983b9d5547e51c910f8f5368b",
            "productDescription": "",
            "volume": "500ml"
        },
        "priceData": {
            "bestPrice": "3.20",
            "price": "3.20",
            "pricePerLitre": 6.4,
            "bestPricePerLitre": 6.4
        },
        "store": {
            "id": "5e7923a7ec28667eea0260eb",
            "name": "Roxburgh"
        }
    },
    {
        "productData": {
            "name": "Mother Tropical Blast 500ml",
            "productId": "mother-tropical-blast-500ml",
            "productShopPage": "https://roxburgh.store.supervalue.co.nz/lines/mother-tropical-blast-500ml",
            "productImageURL": "https://dtgxwmigmg3gc.cloudfront.net/imagery/assets/derivations/icon/512/512/true/eyJpZCI6IjY2ODFiOTc3MTY1OWVlZGI0YWU0ZDEwNmRkMWI3MTFmIiwic3RvcmFnZSI6InB1YmxpY19zdG9yZSJ9?signature=d1b01bfff1b3992a83da4126d87194cc3819f2c04c19ef718954650d0bb059a1",
            "productDescription": "",
            "volume": "500ml"
        },
        "priceData": {
            "bestPrice": "3.20",
            "price": "3.20",
            "pricePerLitre": 6.4,
            "bestPricePerLitre": 6.4
        },
        "store": {
            "id": "5e7923a7ec28667eea0260eb",
            "name": "Roxburgh"
        }
    },
    {
        "productData": {
            "name": "Mother Epic Swell Energy Drink Twisted Apple 500ml",
            "productId": "mother-epic-swell-energy-drink-twisted-apple-500ml",
            "productShopPage": "https://roxburgh.store.supervalue.co.nz/lines/mother-epic-swell-energy-drink-twisted-apple-500ml",
            "productImageURL": "https://dtgxwmigmg3gc.cloudfront.net/imagery/assets/derivations/icon/512/512/true/eyJpZCI6IjE3NGY3OWU3NDkwYTQ5MGE4NGFkNjYzZjVlODdjNzlmIiwic3RvcmFnZSI6InB1YmxpY19zdG9yZSJ9?signature=8b8c94eb83ff8e282e2c9309d499d02862cc0d052bea74cb186828b6e121cc4e",
            "productDescription": "",
            "volume": "500ml"
        },
        "priceData": {
            "bestPrice": "3.20",
            "price": "3.20",
            "pricePerLitre": 6.4,
            "bestPricePerLitre": 6.4
        },
        "store": {
            "id": "5e7923a7ec28667eea0260eb",
            "name": "Roxburgh"
        }
    },
    {
        "productData": {
            "name": "Monster Energy Juice Mango Loco 500ml",
            "productId": "monster-energy-juice-mango-loco-500ml-can",
            "productShopPage": "https://roxburgh.store.supervalue.co.nz/lines/monster-energy-juice-mango-loco-500ml-can",
            "productImageURL": "https://dtgxwmigmg3gc.cloudfront.net/imagery/assets/derivations/icon/512/512/true/eyJpZCI6ImFiNTMzOTMyOWEwYWQ0NzdjMjJjNjlkMzQxZTNhOGQxIiwic3RvcmFnZSI6InB1YmxpY19zdG9yZSJ9?signature=68e99f74abe4c896ded0dd7313a3b51988c1e1a783fd4322eb0d59affb53ec54",
            "productDescription": "",
            "volume": "500ml"
        },
        "priceData": {
            "bestPrice": "3.60",
            "price": "3.60",
            "pricePerLitre": 7.2,
            "bestPricePerLitre": 7.2
        },
        "store": {
            "id": "5e7923a7ec28667eea0260eb",
            "name": "Roxburgh"
        }
    },
    {
        "productData": {
            "name": "V Energy Drink Guarana 500ml",
            "productId": "v-energy-drink-guarana-500ml",
            "productShopPage": "https://roxburgh.store.supervalue.co.nz/lines/v-energy-drink-guarana-500ml",
            "productImageURL": "https://dtgxwmigmg3gc.cloudfront.net/imagery/assets/derivations/icon/512/512/true/eyJpZCI6IjgzZDAxMjhiMzg4NmEwZmE4YTE2ZjY2NWIzNmM2NzI2Iiwic3RvcmFnZSI6InB1YmxpY19zdG9yZSJ9?signature=f55ecc561066291a4e74a967db35ea2355f881bd1708bf400fd790032384ae4f",
            "productDescription": "",
            "volume": "500ml"
        },
        "priceData": {
            "bestPrice": "2.70",
            "price": "2.70",
            "pricePerLitre": 5.4,
            "bestPricePerLitre": 5.4
        },
        "store": {
            "id": "5e7923a7ec28667eea0260eb",
            "name": "Roxburgh"
        }
    },
    {
        "productData": {
            "name": "V Energy Drink Sugar Free Guarana 250ml",
            "productId": "v-energy-drink-sugar-free-guarana-250ml",
            "productShopPage": "https://roxburgh.store.supervalue.co.nz/lines/v-energy-drink-sugar-free-guarana-250ml",
            "productImageURL": "https://dtgxwmigmg3gc.cloudfront.net/imagery/assets/derivations/icon/512/512/true/eyJpZCI6ImZiNzM1NmU4NTMyZDllODlkZTljZmNlOGY2MzQ5NGQwIiwic3RvcmFnZSI6InB1YmxpY19zdG9yZSJ9?signature=72b0ce0a48ca796717c115fe5e8b4564501470f63bf80ae865d26e9d131a2b8c",
            "productDescription": "",
            "volume": "250ml"
        },
        "priceData": {
            "bestPrice": "2.40",
            "price": "2.40",
            "pricePerLitre": 9.6,
            "bestPricePerLitre": 9.6
        },
        "store": {
            "id": "5e7923a7ec28667eea0260eb",
            "name": "Roxburgh"
        }
    },
    {
        "productData": {
            "name": "V Energy Drink Blue Guarana Spritzed 350ml",
            "productId": "v-blue-energy-drink-blue-guarana-spritzed-350ml",
            "productShopPage": "https://roxburgh.store.supervalue.co.nz/lines/v-blue-energy-drink-blue-guarana-spritzed-350ml",
            "productImageURL": "https://dtgxwmigmg3gc.cloudfront.net/imagery/assets/derivations/icon/512/512/true/eyJpZCI6ImY2OTRlZGI4NjdlNWMzZDM5NzgzMDQ0ODFkMzUxZGZiIiwic3RvcmFnZSI6InB1YmxpY19zdG9yZSJ9?signature=591b3079cb9c2407a29b3bc348eaf42dc1d34daba5c9d7aba65be654725b6719",
            "productDescription": "",
            "volume": "350ml"
        },
        "priceData": {
            "bestPrice": "4.00",
            "price": "4.00",
            "pricePerLitre": 11.428571428571429,
            "bestPricePerLitre": 11.428571428571429
        },
        "store": {
            "id": "5e7923a7ec28667eea0260eb",
            "name": "Roxburgh"
        }
    },
    {
        "productData": {
            "name": "V Energy Drink Green Guarana 350ml",
            "productId": "v-energy-drink-green-guarana-350ml",
            "productShopPage": "https://roxburgh.store.supervalue.co.nz/lines/v-energy-drink-green-guarana-350ml",
            "productImageURL": "https://dtgxwmigmg3gc.cloudfront.net/imagery/assets/derivations/icon/512/512/true/eyJpZCI6IjRiNjY4ZjYxOTQ2ODYyN2MzM2NiZWMyNGUyNmIyODk4Iiwic3RvcmFnZSI6InB1YmxpY19zdG9yZSJ9?signature=4cded9cb42349eef45a593461f311b1bb7fa881295733879671ad9fe9887d30c",
            "productDescription": "",
            "volume": "350ml"
        },
        "priceData": {
            "bestPrice": "4.00",
            "price": "4.00",
            "pricePerLitre": 11.428571428571429,
            "bestPricePerLitre": 11.428571428571429
        },
        "store": {
            "id": "5e7923a7ec28667eea0260eb",
            "name": "Roxburgh"
        }
    },
    {
        "productData": {
            "name": "V Energy Drink Guarana Can 250ml",
            "productId": "v-energy-drink-guarana-can-250ml",
            "productShopPage": "https://roxburgh.store.supervalue.co.nz/lines/v-energy-drink-guarana-can-250ml",
            "productImageURL": "https://dtgxwmigmg3gc.cloudfront.net/imagery/assets/derivations/icon/512/512/true/eyJpZCI6Ijc3Nzk1NjE2ZDhhNmFiMThhYzEzODYzOTg2ZmNkNzgwIiwic3RvcmFnZSI6InB1YmxpY19zdG9yZSJ9?signature=f5de1854d43e19cc62bff86893d4a55615cd916f8425a4dccd170b52eba81255",
            "productDescription": "",
            "volume": "250ml"
        },
        "priceData": {
            "bestPrice": "2.40",
            "price": "2.40",
            "pricePerLitre": 9.6,
            "bestPricePerLitre": 9.6
        },
        "store": {
            "id": "5e7923a7ec28667eea0260eb",
            "name": "Roxburgh"
        }
    },
    {
        "productData": {
            "name": "V Energy Drink Guarana Can 500ml",
            "productId": "v-energy-drink-guarana-can-500ml",
            "productShopPage": "https://roxburgh.store.supervalue.co.nz/lines/v-energy-drink-guarana-can-500ml",
            "productImageURL": "https://dtgxwmigmg3gc.cloudfront.net/imagery/assets/derivations/icon/512/512/true/eyJpZCI6ImI0NjgzNGZjNDRkMjU0MjgzYzJjZGNhMzA2NWIxYjA5Iiwic3RvcmFnZSI6InB1YmxpY19zdG9yZSJ9?signature=265e8273409849423466e7623cbbdf8352940707b8830803eec391e8f32c9c5f",
            "productDescription": "",
            "volume": "500ml"
        },
        "priceData": {
            "bestPrice": "4.00",
            "price": "4.00",
            "pricePerLitre": 8.0,
            "bestPricePerLitre": 8.0
        },
        "store": {
            "id": "5e7923a7ec28667eea0260eb",
            "name": "Roxburgh"
        }
    },
    {
        "productData": {
            "name": "V Energy Drink Raspberry Lemonade 350ml",
            "productId": "v-energy-drink-raspberry-lemonade-350ml",
            "productShopPage": "https://roxburgh.store.supervalue.co.nz/lines/v-energy-drink-raspberry-lemonade-350ml",
            "productImageURL": "https://dtgxwmigmg3gc.cloudfront.net/imagery/assets/derivations/icon/512/512/true/eyJpZCI6IjliNWMwMGJkN2IxYWRhY2UxNzU5NzY1ZTI4MjUzZDgyIiwic3RvcmFnZSI6InB1YmxpY19zdG9yZSJ9?signature=1813e587f3636e394a15aa9e19234f9343024a6880220b0dda0a5d69b1f1c010",
            "productDescription": "",
            "volume": "350ml"
        },
        "priceData": {
            "bestPrice": "4.00",
            "price": "4.00",
            "pricePerLitre": 11.428571428571429,
            "bestPricePerLitre": 11.428571428571429
        },
        "store": {
            "id": "5e7923a7ec28667eea0260eb",
            "name": "Roxburgh"
        }
    },
    {
        "productData": {
            "name": "V Energy Drink Sugar Free Guarana 500ml",
            "productId": "v-energy-drink-sugar-free-guarana-500ml",
            "productShopPage": "https://roxburgh.store.supervalue.co.nz/lines/v-energy-drink-sugar-free-guarana-500ml",
            "productImageURL": "https://dtgxwmigmg3gc.cloudfront.net/imagery/assets/derivations/icon/512/512/true/eyJpZCI6Ijg4MGExMDYxOTY4NTJiYzM1ZTExMmU2MGE2OWYxNDE3Iiwic3RvcmFnZSI6InB1YmxpY19zdG9yZSJ9?signature=b0536d25b9da8158705e24c88e21fabbf85c1dabc19f18108c386e956ffd7045",
            "productDescription": "",
            "volume": "500ml"
        },
        "priceData": {
            "bestPrice": "4.00",
            "price": "4.00",
            "pricePerLitre": 8.0,
            "bestPricePerLitre": 8.0
        },
        "store": {
            "id": "5e7923a7ec28667eea0260eb",
            "name": "Roxburgh"
        }
    },
    {
        "productData": {
            "name": "V Blue Energy Drink Bottle 500ml",
            "productId": "v-blue-energy-drink-bottle-500ml",
            "productShopPage": "https://roxburgh.store.supervalue.co.nz/lines/v-blue-energy-drink-bottle-500ml",
            "productImageURL": "https://dtgxwmigmg3gc.cloudfront.net/imagery/assets/derivations/icon/512/512/true/eyJpZCI6IjgyYWYxYWY4MGI4MzUxODhiYmVhZGVhM2U2NzY0MzI5Iiwic3RvcmFnZSI6InB1YmxpY19zdG9yZSJ9?signature=7e70fc576864a528a1431734d680cbf177a11b419a692dbfd34800c31b8944ec",
            "productDescription": "",
            "volume": "500ml"
        },
        "priceData": {
            "bestPrice": "2.70",
            "price": "2.70",
            "pricePerLitre": 5.4,
            "bestPricePerLitre": 5.4
        },
        "store": {
            "id": "5e7923a7ec28667eea0260eb",
            "name": "Roxburgh"
        }
    },
    {
        "productData": {
            "name": "V Blue Sugarfree Energy Drink 500ml",
            "productId": "v-blue-sugarfree-energy-drink-500ml",
            "productShopPage": "https://roxburgh.store.supervalue.co.nz/lines/v-blue-sugarfree-energy-drink-500ml",
            "productImageURL": "https://dtgxwmigmg3gc.cloudfront.net/imagery/assets/derivations/icon/512/512/true/eyJpZCI6ImVmYjQyOWRmM2JjZjc3NTY1ZDIwMTEyNTY0MDdmZjA1Iiwic3RvcmFnZSI6InB1YmxpY19zdG9yZSJ9?signature=2911d59474d8305039a3be3bef0f887c38d9ab84596314b13cc4b150101175ab",
            "productDescription": "",
            "volume": "500ml"
        },
        "priceData": {
            "bestPrice": "4.00",
            "price": "4.00",
            "pricePerLitre": 8.0,
            "bestPricePerLitre": 8.0
        },
        "store": {
            "id": "5e7923a7ec28667eea0260eb",
            "name": "Roxburgh"
        }
    },
    {
        "productData": {
            "name": "V Raspberry Lemonade Energy Drink 500ml",
            "productId": "v-energy-drink-raspberry-lemonade-500ml-can",
            "productShopPage": "https://roxburgh.store.supervalue.co.nz/lines/v-energy-drink-raspberry-lemonade-500ml-can",
            "productImageURL": "https://dtgxwmigmg3gc.cloudfront.net/imagery/assets/derivations/icon/512/512/true/eyJpZCI6ImE3N2Y5NzBmY2FhOWZhYmZiOTc3MmYyMzE4MGRiOTcxIiwic3RvcmFnZSI6InB1YmxpY19zdG9yZSJ9?signature=2bb7890fe6d7b0c0c6a522be31c78077be0aa570ca4c8aa5549ccf80761262dc",
            "productDescription": "",
            "volume": "500ml"
        },
        "priceData": {
            "bestPrice": "4.00",
            "price": "4.00",
            "pricePerLitre": 8.0,
            "bestPricePerLitre": 8.0
        },
        "store": {
            "id": "5e7923a7ec28667eea0260eb",
            "name": "Roxburgh"
        }
    },
    {
        "productData": {
            "name": "V Blue Energy Drink Blue Guarana Can 500ml",
            "productId": "v-blue-energy-drink-blue-guarana-can-500ml",
            "productShopPage": "https://roxburgh.store.supervalue.co.nz/lines/v-blue-energy-drink-blue-guarana-can-500ml",
            "productImageURL": "https://dtgxwmigmg3gc.cloudfront.net/imagery/assets/derivations/icon/512/512/true/eyJpZCI6ImFmYjEyYjVjYTU2YWI5ZDJhMTVmNGY2MDg2NWFlNzgxIiwic3RvcmFnZSI6InB1YmxpY19zdG9yZSJ9?signature=b537a8cc5a2c0f90f1702b2c541db44c3a740a0ec4a96e92ab2d6537f9320e8d",
            "productDescription": "",
            "volume": "500ml"
        },
        "priceData": {
            "bestPrice": "4.00",
            "price": "4.00",
            "pricePerLitre": 8.0,
            "bestPricePerLitre": 8.0
        },
        "store": {
            "id": "5e7923a7ec28667eea0260eb",
            "name": "Roxburgh"
        }
    },
    {
        "productData": {
            "name": "V Pure Energy Drink Bottle 330ml",
            "productId": "v-pure-330ml-bottle",
            "productShopPage": "https://roxburgh.store.supervalue.co.nz/lines/v-pure-330ml-bottle",
            "productImageURL": "https://dtgxwmigmg3gc.cloudfront.net/imagery/assets/derivations/icon/512/512/true/eyJpZCI6ImFjZmFlNGE1MmQ1ZmNhOTVhN2IyNzdhOGQ3ZTBjNTY0Iiwic3RvcmFnZSI6InB1YmxpY19zdG9yZSJ9?signature=ff03797de044ef70d02854192249a79b3cd819353c7171ef7358378e76bfc089",
            "productDescription": "",
            "volume": "330ml"
        },
        "priceData": {
            "bestPrice": "3.79",
            "price": "3.79",
            "pricePerLitre": 11.484848484848484,
            "bestPricePerLitre": 11.484848484848484
        },
        "store": {
            "id": "5e7923a7ec28667eea0260eb",
            "name": "Roxburgh"
        }
    },
    {
        "productData": {
            "name": "Monster Mule Energy Drink 500ml",
            "productId": "monster-mule-ginger-brew-500ml",
            "productShopPage": "https://roxburgh.store.supervalue.co.nz/lines/monster-mule-ginger-brew-500ml",
            "productImageURL": "https://dtgxwmigmg3gc.cloudfront.net/imagery/assets/derivations/icon/512/512/true/eyJpZCI6ImM1OTM5MTIyZTRlNmNhNzk0ODFlMDE4ZWVmMWE2Y2ZlIiwic3RvcmFnZSI6InB1YmxpY19zdG9yZSJ9?signature=5d11287f30ef58c148e37382d61c0d83097d5461683a9aa5dd9456941c1f32e5",
            "productDescription": "",
            "volume": "500ml"
        },
        "priceData": {
            "bestPrice": "3.60",
            "price": "3.60",
            "pricePerLitre": 7.2,
            "bestPricePerLitre": 7.2
        },
        "store": {
            "id": "5e7923a7ec28667eea0260eb",
            "name": "Roxburgh"
        }
    },
    {
        "productData": {
            "name": "Monster Energy 4x500ml Cans",
            "productId": "monster-energy-4x500ml-cans",
            "productShopPage": "https://roxburgh.store.supervalue.co.nz/lines/monster-energy-4x500ml-cans",
            "productImageURL": "https://dtgxwmigmg3gc.cloudfront.net/imagery/assets/derivations/icon/512/512/true/eyJpZCI6IjRlMmFmMmRlZjQ4ZmUwYmIzNDhlNjQ4MDI2MzNiMTI3Iiwic3RvcmFnZSI6InB1YmxpY19zdG9yZSJ9?signature=a7c01f1987830c51db1e1726928af879e1fcd5043b2f95988254adafdf154072",
            "productDescription": "",
            "volume": "500ml"
        },
        "priceData": {
            "bestPrice": "11.99",
            "price": "11.99",
            "pricePerLitre": 23.98,
            "bestPricePerLitre": 23.98
        },
        "store": {
            "id": "5e7923a7ec28667eea0260eb",
            "name": "Roxburgh"
        }
    },
    {
        "productData": {
            "name": "Monster Energy Pipeline Punch 500ml",
            "productId": "monster-energy-pipeline-punch-500ml",
            "productShopPage": "https://roxburgh.store.supervalue.co.nz/lines/monster-energy-pipeline-punch-500ml",
            "productImageURL": "https://dtgxwmigmg3gc.cloudfront.net/imagery/assets/derivations/icon/512/512/true/eyJpZCI6IjBhODJhZGNkMWY5YThiMWQ5ZjY0YjRjNGE0YWQwMzMxIiwic3RvcmFnZSI6InB1YmxpY19zdG9yZSJ9?signature=7a4880545cb059c8f06a41c671fb0785b7cddf3903741ed2f081d6bcf2e5189f",
            "productDescription": "",
            "volume": "500ml"
        },
        "priceData": {
            "bestPrice": "3.60",
            "price": "3.60",
            "pricePerLitre": 7.2,
            "bestPricePerLitre": 7.2
        },
        "store": {
            "id": "5e7923a7ec28667eea0260eb",
            "name": "Roxburgh"
        }
    },
    {
        "productData": {
            "name": "Live Plus Energy Drink Citrus Flavour 500ml",
            "productId": "live-plus-persist-500ml",
            "productShopPage": "https://roxburgh.store.supervalue.co.nz/lines/live-plus-persist-500ml",
            "productImageURL": "https://dtgxwmigmg3gc.cloudfront.net/imagery/assets/derivations/icon/512/512/true/eyJpZCI6IjFlNWQ5YzI4OWM1N2UzNmYzZmI2NThlMDQzZTI3ZjE4Iiwic3RvcmFnZSI6InB1YmxpY19zdG9yZSJ9?signature=756b17fefe47174b90e7dbec8cd09db27f9f59f4994bc750b71256ae93ba9fa8",
            "productDescription": "",
            "volume": "500ml"
        },
        "priceData": {
            "bestPrice": "3.20",
            "price": "3.20",
            "pricePerLitre": 6.4,
            "bestPricePerLitre": 6.4
        },
        "store": {
            "id": "5e7923a7ec28667eea0260eb",
            "name": "Roxburgh"
        }
    },
    {
        "productData": {
            "name": "Live Plus Energy Drink Original Citrus Flavour 355ml",
            "productId": "live-plus-persist-glass-355ml",
            "productShopPage": "https://roxburgh.store.supervalue.co.nz/lines/live-plus-persist-glass-355ml",
            "productImageURL": "https://dtgxwmigmg3gc.cloudfront.net/imagery/assets/derivations/icon/512/512/true/eyJpZCI6ImYzMjZlMTdmMmI5ZGRjZGYzYmFmNzNiMWQzN2Y5NDI4Iiwic3RvcmFnZSI6InB1YmxpY19zdG9yZSJ9?signature=8fa31eb2b309e9c7a293ba2e7a7541e3cdc686b1d3f519044aa97c666ae5f630",
            "productDescription": "",
            "volume": "355ml"
        },
        "priceData": {
            "bestPrice": "2.20",
            "price": "2.20",
            "pricePerLitre": 6.197183098591549,
            "bestPricePerLitre": 6.197183098591549
        },
        "store": {
            "id": "5e7923a7ec28667eea0260eb",
            "name": "Roxburgh"
        }
    },
    {
        "productData": {
            "name": "Live Plus Energy Drink Original Citrus Flavour 6 x 250ml",
            "productId": "live-plus-persist-250ml-6pack",
            "productShopPage": "https://roxburgh.store.supervalue.co.nz/lines/live-plus-persist-250ml-6pack",
            "productImageURL": "https://dtgxwmigmg3gc.cloudfront.net/imagery/assets/derivations/icon/512/512/true/eyJpZCI6IjNmODNiNGI4MzI4MzJmNzhjZmJhNDA1OGUyZWFlM2ZhIiwic3RvcmFnZSI6InB1YmxpY19zdG9yZSJ9?signature=0257f943d0c41562773e51cbd42327ad911228832e33494e9c30381e20305337",
            "productDescription": "",
            "volume": "250ml"
        },
        "priceData": {
            "bestPrice": "8.00",
            "price": "8.00",
            "pricePerLitre": 32.0,
            "bestPricePerLitre": 32.0
        },
        "store": {
            "id": "5e7923a7ec28667eea0260eb",
            "name": "Roxburgh"
        }
    },
    {
        "productData": {
            "name": "Rockstar Original Energy Drink 500ml",
            "productId": "rockstar-original-energy-drink-500ml",
            "productShopPage": "https://roxburgh.store.supervalue.co.nz/lines/rockstar-original-energy-drink-500ml",
            "productImageURL": "https://dtgxwmigmg3gc.cloudfront.net/imagery/assets/derivations/icon/512/512/true/eyJpZCI6IjU3ZDZkYWUyNGJjNjZmNDNlOGIzY2VjNzUxMjRhMjI3Iiwic3RvcmFnZSI6InB1YmxpY19zdG9yZSJ9?signature=9188953bef1e966209f16fc8764ba247eac95345644fc57ad5992e177e099176",
            "productDescription": "",
            "volume": "500ml"
        },
        "priceData": {
            "bestPrice": "2.20",
            "price": "2.20",
            "pricePerLitre": 4.4,
            "bestPricePerLitre": 4.4
        },
        "store": {
            "id": "5e7923a7ec28667eea0260eb",
            "name": "Roxburgh"
        }
    },
    {
        "productData": {
            "name": "Rockstar Punched Energy Guava 500ml",
            "productId": "rockstar-punched-energy-guava-500ml",
            "productShopPage": "https://roxburgh.store.supervalue.co.nz/lines/rockstar-punched-energy-guava-500ml",
            "productImageURL": "https://dtgxwmigmg3gc.cloudfront.net/imagery/assets/derivations/icon/512/512/true/eyJpZCI6ImEzMDQwMDA1ZTlmNTRmNTczMTYzMDE1Yjk2NTFmZDIxIiwic3RvcmFnZSI6InB1YmxpY19zdG9yZSJ9?signature=bfb6b62e0f648da1212eb37234f40b47cf3251c956e2d837473e2acee3a5a4ef",
            "productDescription": "",
            "volume": "500ml"
        },
        "priceData": {
            "bestPrice": "2.20",
            "price": "2.20",
            "pricePerLitre": 4.4,
            "bestPricePerLitre": 4.4
        },
        "store": {
            "id": "5e7923a7ec28667eea0260eb",
            "name": "Roxburgh"
        }
    },
    {
        "productData": {
            "name": "Rockstar Energy Drink Blueberry Can 500ml",
            "productId": "rockstar-energy-drink-xdurance-blueberry-can-500ml",
            "productShopPage": "https://roxburgh.store.supervalue.co.nz/lines/rockstar-energy-drink-xdurance-blueberry-can-500ml",
            "productImageURL": "https://dtgxwmigmg3gc.cloudfront.net/imagery/assets/derivations/icon/512/512/true/eyJpZCI6ImI1N2Q4NGI2ZGNjM2JiNDYyNzE0MDM1NDBmNDFiMTczIiwic3RvcmFnZSI6InB1YmxpY19zdG9yZSJ9?signature=7e05418bac60cf5dc657a6490b215fa93221265cb5d03bdab391f3993e9949d7",
            "productDescription": "",
            "volume": "500ml"
        },
        "priceData": {
            "bestPrice": "2.20",
            "price": "2.20",
            "pricePerLitre": 4.4,
            "bestPricePerLitre": 4.4
        },
        "store": {
            "id": "5e7923a7ec28667eea0260eb",
            "name": "Roxburgh"
        }
    },
    {
        "productData": {
            "name": "Live Plus Energy Drink Sugar Free Citrus Flavour 250ml",
            "productId": "live-plus-zero-sug-citrus-500ml",
            "productShopPage": "https://roxburgh.store.supervalue.co.nz/lines/live-plus-zero-sug-citrus-500ml",
            "productImageURL": "https://dtgxwmigmg3gc.cloudfront.net/imagery/assets/derivations/icon/512/512/true/eyJpZCI6IjhkZGE2ODE2ZDc4Y2E5MmUxZTQ3YjAxOWExZjNlMTU5Iiwic3RvcmFnZSI6InB1YmxpY19zdG9yZSJ9?signature=ab72ec55544855bdd6eb188264cd302aac7f6bc747af365b1624653223d6953d",
            "productDescription": "",
            "volume": "250ml"
        },
        "priceData": {
            "bestPrice": "3.20",
            "price": "3.20",
            "pricePerLitre": 12.8,
            "bestPricePerLitre": 12.8
        },
        "store": {
            "id": "5e7923a7ec28667eea0260eb",
            "name": "Roxburgh"
        }
    },
    {
        "productData": {
            "name": "Monster Ultra Fiesta Energy 500ml",
            "productId": "monster-ultra-fiesta-energy-500ml",
            "productShopPage": "https://roxburgh.store.supervalue.co.nz/lines/monster-ultra-fiesta-energy-500ml",
            "productImageURL": "https://dtgxwmigmg3gc.cloudfront.net/imagery/assets/derivations/icon/512/512/true/eyJpZCI6Ijg5N2U0MTUxNjJmNzU3MDA2MjQ3MGU2OWU5NWVhMzY2LmpwZyIsInN0b3JhZ2UiOiJwdWJsaWNfc3RvcmUifQ?signature=b5e95acb1f97789b134681678c5ac2a1847e8d33e7fad84f9ec384b4f5b59496",
            "productDescription": "",
            "volume": "500ml"
        },
        "priceData": {
            "bestPrice": "3.60",
            "price": "3.60",
            "pricePerLitre": 7.2,
            "bestPricePerLitre": 7.2
        },
        "store": {
            "id": "5e7923a7ec28667eea0260eb",
            "name": "Roxburgh"
        }
    },
    {
        "productData": {
            "name": "Monster Energy Drink Ultra Rosa 500ml",
            "productId": "monster-energy-drink-ultra-rosa-500ml",
            "productShopPage": "https://sumner.store.supervalue.co.nz/lines/monster-energy-drink-ultra-rosa-500ml",
            "productImageURL": "https://dtgxwmigmg3gc.cloudfront.net/imagery/assets/derivations/icon/512/512/true/eyJpZCI6IjBmZDhiOGI4MDk3NDYzMDI0ZGQ4OTdhYTk2ZmVmMmRiIiwic3RvcmFnZSI6InB1YmxpY19zdG9yZSJ9?signature=b524829083fd581b245f26f999cd130415f1b63b346277cf6a7a0faece216093",
            "productDescription": "",
            "volume": "500ml"
        },
        "priceData": {
            "bestPrice": "3.60",
            "price": "3.60",
            "pricePerLitre": 7.2,
            "bestPricePerLitre": 7.2
        },
        "store": {
            "id": "5e73e8571db5f5269a00c05f",
            "name": "Sumner"
        }
    },
    {
        "productData": {
            "name": "Monster Energy Pipeline Punch 500ml",
            "productId": "monster-energy-p-line-pnch-500ml",
            "productShopPage": "https://sumner.store.supervalue.co.nz/lines/monster-energy-p-line-pnch-500ml",
            "productImageURL": "https://dtgxwmigmg3gc.cloudfront.net/imagery/assets/derivations/icon/512/512/true/eyJpZCI6IjBhODJhZGNkMWY5YThiMWQ5ZjY0YjRjNGE0YWQwMzMxIiwic3RvcmFnZSI6InB1YmxpY19zdG9yZSJ9?signature=7a4880545cb059c8f06a41c671fb0785b7cddf3903741ed2f081d6bcf2e5189f",
            "productDescription": "",
            "volume": "500ml"
        },
        "priceData": {
            "bestPrice": "3.60",
            "price": "3.60",
            "pricePerLitre": 7.2,
            "bestPricePerLitre": 7.2
        },
        "store": {
            "id": "5e73e8571db5f5269a00c05f",
            "name": "Sumner"
        }
    },
    {
        "productData": {
            "name": "Mother Tropical Blast 500ml",
            "productId": "mother-tropical-blast-500ml",
            "productShopPage": "https://sumner.store.supervalue.co.nz/lines/mother-tropical-blast-500ml",
            "productImageURL": "https://dtgxwmigmg3gc.cloudfront.net/imagery/assets/derivations/icon/512/512/true/eyJpZCI6IjY2ODFiOTc3MTY1OWVlZGI0YWU0ZDEwNmRkMWI3MTFmIiwic3RvcmFnZSI6InB1YmxpY19zdG9yZSJ9?signature=d1b01bfff1b3992a83da4126d87194cc3819f2c04c19ef718954650d0bb059a1",
            "productDescription": "",
            "volume": "500ml"
        },
        "priceData": {
            "bestPrice": "2.20",
            "price": "2.20",
            "pricePerLitre": 4.4,
            "bestPricePerLitre": 4.4
        },
        "store": {
            "id": "5e73e8571db5f5269a00c05f",
            "name": "Sumner"
        }
    },
    {
        "productData": {
            "name": "Monster Mule Energy Drink 500ml",
            "productId": "monster-mule-ginger-brew-500ml",
            "productShopPage": "https://sumner.store.supervalue.co.nz/lines/monster-mule-ginger-brew-500ml",
            "productImageURL": "https://dtgxwmigmg3gc.cloudfront.net/imagery/assets/derivations/icon/512/512/true/eyJpZCI6ImM1OTM5MTIyZTRlNmNhNzk0ODFlMDE4ZWVmMWE2Y2ZlIiwic3RvcmFnZSI6InB1YmxpY19zdG9yZSJ9?signature=5d11287f30ef58c148e37382d61c0d83097d5461683a9aa5dd9456941c1f32e5",
            "productDescription": "",
            "volume": "500ml"
        },
        "priceData": {
            "bestPrice": "3.60",
            "price": "3.60",
            "pricePerLitre": 7.2,
            "bestPricePerLitre": 7.2
        },
        "store": {
            "id": "5e73e8571db5f5269a00c05f",
            "name": "Sumner"
        }
    },
    {
        "productData": {
            "name": "Live Plus Energy Drink Tart Apple Apple Flavour 250ml",
            "productId": "live-plus-energy-drink-tart-apple-apple-flavour-250ml",
            "productShopPage": "https://sumner.store.supervalue.co.nz/lines/live-plus-energy-drink-tart-apple-apple-flavour-250ml",
            "productImageURL": "https://dtgxwmigmg3gc.cloudfront.net/imagery/assets/derivations/icon/512/512/true/eyJpZCI6ImYzMGEyNDQ5YmI4YTkxZTMzNjM2ZGY3NWJlNTc2Mjg1Iiwic3RvcmFnZSI6InB1YmxpY19zdG9yZSJ9?signature=2a08b4915e71c4f4630a68f5915a1cf5b1f4bbc14de24d902f46492cc9ea7b1f",
            "productDescription": "",
            "volume": "250ml"
        },
        "priceData": {
            "bestPrice": "2.50",
            "price": "2.50",
            "pricePerLitre": 10.0,
            "bestPricePerLitre": 10.0
        },
        "store": {
            "id": "5e73e8571db5f5269a00c05f",
            "name": "Sumner"
        }
    },
    {
        "productData": {
            "name": "Live Plus Energy Drink Original Cans 250ml",
            "productId": "live-plus-energy-drink-original-cans-250ml",
            "productShopPage": "https://sumner.store.supervalue.co.nz/lines/live-plus-energy-drink-original-cans-250ml",
            "productImageURL": "https://dtgxwmigmg3gc.cloudfront.net/imagery/assets/derivations/icon/512/512/true/eyJpZCI6IjJkOWMwNTExZWI5MDY3MmRhYzk2OWQzYTlmMDZlMzg4Iiwic3RvcmFnZSI6InB1YmxpY19zdG9yZSJ9?signature=ca15999b181bd95a0f396d2cd4687f7864bd189801bd1939021ec51f40f803ee",
            "productDescription": "",
            "volume": "250ml"
        },
        "priceData": {
            "bestPrice": "2.50",
            "price": "2.50",
            "pricePerLitre": 10.0,
            "bestPricePerLitre": 10.0
        },
        "store": {
            "id": "5e73e8571db5f5269a00c05f",
            "name": "Sumner"
        }
    },
    {
        "productData": {
            "name": "V Refresh Energy Drink Citrus Lemonade 500ml Can 500ml",
            "productId": "v-refresh-energy-drink-citrus-lemonade-500ml-can-500ml",
            "productShopPage": "https://tinwald.store.supervalue.co.nz/lines/v-refresh-energy-drink-citrus-lemonade-500ml-can-500ml",
            "productImageURL": "https://dtgxwmigmg3gc.cloudfront.net/imagery/assets/derivations/icon/512/512/true/eyJpZCI6IjVlN2QyZDg4OTlkNWVhZDc1OTM3YzEwZDgwOTg1NjJmIiwic3RvcmFnZSI6InB1YmxpY19zdG9yZSJ9?signature=35586a0457373f804173605ba7f35fb0b256a119e67175911e869a6f42785c11",
            "productDescription": "",
            "volume": "500ml"
        },
        "priceData": {
            "bestPrice": "3.30",
            "price": "3.30",
            "pricePerLitre": 6.6,
            "bestPricePerLitre": 6.6
        },
        "store": {
            "id": "5e75aa25ec28665b04002bdb",
            "name": "Tinwald"
        }
    },
    {
        "productData": {
            "name": "V Refresh Energy Drink Pineapple Watermelon 500ml Can 500ml",
            "productId": "v-refresh-energy-drink-pineapple-watermelon-500ml-can-500ml",
            "productShopPage": "https://tinwald.store.supervalue.co.nz/lines/v-refresh-energy-drink-pineapple-watermelon-500ml-can-500ml",
            "productImageURL": "https://dtgxwmigmg3gc.cloudfront.net/imagery/assets/derivations/icon/512/512/true/eyJpZCI6IjgzMTBmY2EwMzFkODkxOTAxNDFmYWNhMjZhZmFlZTI0Iiwic3RvcmFnZSI6InB1YmxpY19zdG9yZSJ9?signature=2062a73b018e86e0e6858a08c9fea597971ea894ef5eee6cfb310bcaa3201c6f",
            "productDescription": "",
            "volume": "500ml"
        },
        "priceData": {
            "bestPrice": "3.30",
            "price": "3.30",
            "pricePerLitre": 6.6,
            "bestPricePerLitre": 6.6
        },
        "store": {
            "id": "5e75aa25ec28665b04002bdb",
            "name": "Tinwald"
        }
    },
    {
        "productData": {
            "name": "Monster Energy Drink Ultra Gold 500ml",
            "productId": "monster-energy-drink-ultra-gold-500ml",
            "productShopPage": "https://tinwald.store.supervalue.co.nz/lines/monster-energy-drink-ultra-gold-500ml",
            "productImageURL": "https://dtgxwmigmg3gc.cloudfront.net/imagery/assets/derivations/icon/512/512/true/eyJpZCI6ImM3MmEwNWIyMjE0YTAzMjcyNzFhYjMyZTI4Zjk4MGFhIiwic3RvcmFnZSI6InB1YmxpY19zdG9yZSJ9?signature=b4f295a92992569de94ae4176268ca4a850af7b8377f28e19d8ddb65e0e09cc2",
            "productDescription": "",
            "volume": "500ml"
        },
        "priceData": {
            "bestPrice": "3.60",
            "price": "3.60",
            "pricePerLitre": 7.2,
            "bestPricePerLitre": 7.2
        },
        "store": {
            "id": "5e75aa25ec28665b04002bdb",
            "name": "Tinwald"
        }
    },
    {
        "productData": {
            "name": "Monster Energy Ultra Zero 500ml Can 500ml",
            "productId": "monster-energy-ultra-zero-500ml",
            "productShopPage": "https://tinwald.store.supervalue.co.nz/lines/monster-energy-ultra-zero-500ml",
            "productImageURL": "https://dtgxwmigmg3gc.cloudfront.net/imagery/assets/derivations/icon/512/512/true/eyJpZCI6IjE2ZDZhZmVkN2M0YjVjMzRmMjExNGJhNWQyMzhlOTQ4Iiwic3RvcmFnZSI6InB1YmxpY19zdG9yZSJ9?signature=10ef7ab522a8389710a24973bac3bd88af990f17b5da987fda62632f41e72ced",
            "productDescription": "",
            "volume": "500ml"
        },
        "priceData": {
            "bestPrice": "3.60",
            "price": "3.60",
            "pricePerLitre": 7.2,
            "bestPricePerLitre": 7.2
        },
        "store": {
            "id": "5e75aa25ec28665b04002bdb",
            "name": "Tinwald"
        }
    },
    {
        "productData": {
            "name": "Monster Energy Green 500ml",
            "productId": "monster-energy-green-500ml",
            "productShopPage": "https://tinwald.store.supervalue.co.nz/lines/monster-energy-green-500ml",
            "productImageURL": "https://dtgxwmigmg3gc.cloudfront.net/imagery/assets/derivations/icon/512/512/true/eyJpZCI6IjdlMWQ4YzE4OWEzYjkxOWExNTNiZDRmMGNhMjA0MGFjIiwic3RvcmFnZSI6InB1YmxpY19zdG9yZSJ9?signature=7d8e276d7131e46748c715b58473be8fec7d21f3d10abd6d108f8b0cb856d4a3",
            "productDescription": "",
            "volume": "500ml"
        },
        "priceData": {
            "bestPrice": "3.60",
            "price": "3.60",
            "pricePerLitre": 7.2,
            "bestPricePerLitre": 7.2
        },
        "store": {
            "id": "5e75aa25ec28665b04002bdb",
            "name": "Tinwald"
        }
    },
    {
        "productData": {
            "name": "Monster Energy Drink Ultra Rosa 500ml",
            "productId": "monster-energy-drink-ultra-rosa-500ml",
            "productShopPage": "https://tinwald.store.supervalue.co.nz/lines/monster-energy-drink-ultra-rosa-500ml",
            "productImageURL": "https://dtgxwmigmg3gc.cloudfront.net/imagery/assets/derivations/icon/512/512/true/eyJpZCI6IjBmZDhiOGI4MDk3NDYzMDI0ZGQ4OTdhYTk2ZmVmMmRiIiwic3RvcmFnZSI6InB1YmxpY19zdG9yZSJ9?signature=b524829083fd581b245f26f999cd130415f1b63b346277cf6a7a0faece216093",
            "productDescription": "",
            "volume": "500ml"
        },
        "priceData": {
            "bestPrice": "3.60",
            "price": "3.60",
            "pricePerLitre": 7.2,
            "bestPricePerLitre": 7.2
        },
        "store": {
            "id": "5e75aa25ec28665b04002bdb",
            "name": "Tinwald"
        }
    },
    {
        "productData": {
            "name": "Mother Energy Drink Black 500ml",
            "productId": "mother-energy-drink-black-500ml",
            "productShopPage": "https://tinwald.store.supervalue.co.nz/lines/mother-energy-drink-black-500ml",
            "productImageURL": "https://dtgxwmigmg3gc.cloudfront.net/imagery/assets/derivations/icon/512/512/true/eyJpZCI6ImYyMzA5MjhkYjg3ODFhYmYzZDU3ZjE1YjNmYzU2MWFjIiwic3RvcmFnZSI6InB1YmxpY19zdG9yZSJ9?signature=d3dbddb83d3d457075cd5d8936bef0c5b48fce4fa3fe725995d8b6d57219ceb5",
            "productDescription": "",
            "volume": "500ml"
        },
        "priceData": {
            "bestPrice": "3.20",
            "price": "3.20",
            "pricePerLitre": 6.4,
            "bestPricePerLitre": 6.4
        },
        "store": {
            "id": "5e75aa25ec28665b04002bdb",
            "name": "Tinwald"
        }
    },
    {
        "productData": {
            "name": "Mother Energy Drink Passion 500ml",
            "productId": "mother-energy-drink-passion-500ml",
            "productShopPage": "https://tinwald.store.supervalue.co.nz/lines/mother-energy-drink-passion-500ml",
            "productImageURL": "https://dtgxwmigmg3gc.cloudfront.net/imagery/assets/derivations/icon/512/512/true/eyJpZCI6ImFkZDQ3ZmI4MGJjMmU2ZTgxNDcxNDRhYWFmOWZkYzViIiwic3RvcmFnZSI6InB1YmxpY19zdG9yZSJ9?signature=c8aea44ce6ff965b9e87fcb9f60849b0328e9b8983b9d5547e51c910f8f5368b",
            "productDescription": "",
            "volume": "500ml"
        },
        "priceData": {
            "bestPrice": "3.20",
            "price": "3.20",
            "pricePerLitre": 6.4,
            "bestPricePerLitre": 6.4
        },
        "store": {
            "id": "5e75aa25ec28665b04002bdb",
            "name": "Tinwald"
        }
    },
    {
        "productData": {
            "name": "Mother Tropical Blast 500ml",
            "productId": "mother-tropical-blast-500ml",
            "productShopPage": "https://tinwald.store.supervalue.co.nz/lines/mother-tropical-blast-500ml",
            "productImageURL": "https://dtgxwmigmg3gc.cloudfront.net/imagery/assets/derivations/icon/512/512/true/eyJpZCI6IjY2ODFiOTc3MTY1OWVlZGI0YWU0ZDEwNmRkMWI3MTFmIiwic3RvcmFnZSI6InB1YmxpY19zdG9yZSJ9?signature=d1b01bfff1b3992a83da4126d87194cc3819f2c04c19ef718954650d0bb059a1",
            "productDescription": "",
            "volume": "500ml"
        },
        "priceData": {
            "bestPrice": "3.20",
            "price": "3.20",
            "pricePerLitre": 6.4,
            "bestPricePerLitre": 6.4
        },
        "store": {
            "id": "5e75aa25ec28665b04002bdb",
            "name": "Tinwald"
        }
    },
    {
        "productData": {
            "name": "Monster Energy Juice Mango Loco 500ml",
            "productId": "monster-energy-juice-mango-loco-500ml-can",
            "productShopPage": "https://tinwald.store.supervalue.co.nz/lines/monster-energy-juice-mango-loco-500ml-can",
            "productImageURL": "https://dtgxwmigmg3gc.cloudfront.net/imagery/assets/derivations/icon/512/512/true/eyJpZCI6ImFiNTMzOTMyOWEwYWQ0NzdjMjJjNjlkMzQxZTNhOGQxIiwic3RvcmFnZSI6InB1YmxpY19zdG9yZSJ9?signature=68e99f74abe4c896ded0dd7313a3b51988c1e1a783fd4322eb0d59affb53ec54",
            "productDescription": "",
            "volume": "500ml"
        },
        "priceData": {
            "bestPrice": "3.60",
            "price": "3.60",
            "pricePerLitre": 7.2,
            "bestPricePerLitre": 7.2
        },
        "store": {
            "id": "5e75aa25ec28665b04002bdb",
            "name": "Tinwald"
        }
    },
    {
        "productData": {
            "name": "V Energy Drink Guarana 500ml",
            "productId": "v-energy-drink-guarana-500ml",
            "productShopPage": "https://tinwald.store.supervalue.co.nz/lines/v-energy-drink-guarana-500ml",
            "productImageURL": "https://dtgxwmigmg3gc.cloudfront.net/imagery/assets/derivations/icon/512/512/true/eyJpZCI6IjgzZDAxMjhiMzg4NmEwZmE4YTE2ZjY2NWIzNmM2NzI2Iiwic3RvcmFnZSI6InB1YmxpY19zdG9yZSJ9?signature=f55ecc561066291a4e74a967db35ea2355f881bd1708bf400fd790032384ae4f",
            "productDescription": "",
            "volume": "500ml"
        },
        "priceData": {
            "bestPrice": "2.70",
            "price": "2.70",
            "pricePerLitre": 5.4,
            "bestPricePerLitre": 5.4
        },
        "store": {
            "id": "5e75aa25ec28665b04002bdb",
            "name": "Tinwald"
        }
    },
    {
        "productData": {
            "name": "V Energy Drink Sugar Free Guarana 250ml",
            "productId": "v-energy-drink-sugar-free-guarana-250ml",
            "productShopPage": "https://tinwald.store.supervalue.co.nz/lines/v-energy-drink-sugar-free-guarana-250ml",
            "productImageURL": "https://dtgxwmigmg3gc.cloudfront.net/imagery/assets/derivations/icon/512/512/true/eyJpZCI6ImZiNzM1NmU4NTMyZDllODlkZTljZmNlOGY2MzQ5NGQwIiwic3RvcmFnZSI6InB1YmxpY19zdG9yZSJ9?signature=72b0ce0a48ca796717c115fe5e8b4564501470f63bf80ae865d26e9d131a2b8c",
            "productDescription": "",
            "volume": "250ml"
        },
        "priceData": {
            "bestPrice": "2.40",
            "price": "2.40",
            "pricePerLitre": 9.6,
            "bestPricePerLitre": 9.6
        },
        "store": {
            "id": "5e75aa25ec28665b04002bdb",
            "name": "Tinwald"
        }
    },
    {
        "productData": {
            "name": "V Energy Drink Blue Guarana Spritzed 350ml",
            "productId": "v-blue-energy-drink-blue-guarana-spritzed-350ml",
            "productShopPage": "https://tinwald.store.supervalue.co.nz/lines/v-blue-energy-drink-blue-guarana-spritzed-350ml",
            "productImageURL": "https://dtgxwmigmg3gc.cloudfront.net/imagery/assets/derivations/icon/512/512/true/eyJpZCI6ImY2OTRlZGI4NjdlNWMzZDM5NzgzMDQ0ODFkMzUxZGZiIiwic3RvcmFnZSI6InB1YmxpY19zdG9yZSJ9?signature=591b3079cb9c2407a29b3bc348eaf42dc1d34daba5c9d7aba65be654725b6719",
            "productDescription": "",
            "volume": "350ml"
        },
        "priceData": {
            "bestPrice": "4.00",
            "price": "4.00",
            "pricePerLitre": 11.428571428571429,
            "bestPricePerLitre": 11.428571428571429
        },
        "store": {
            "id": "5e75aa25ec28665b04002bdb",
            "name": "Tinwald"
        }
    },
    {
        "productData": {
            "name": "V Energy Drink Green Guarana 350ml",
            "productId": "v-energy-drink-green-guarana-350ml",
            "productShopPage": "https://tinwald.store.supervalue.co.nz/lines/v-energy-drink-green-guarana-350ml",
            "productImageURL": "https://dtgxwmigmg3gc.cloudfront.net/imagery/assets/derivations/icon/512/512/true/eyJpZCI6IjRiNjY4ZjYxOTQ2ODYyN2MzM2NiZWMyNGUyNmIyODk4Iiwic3RvcmFnZSI6InB1YmxpY19zdG9yZSJ9?signature=4cded9cb42349eef45a593461f311b1bb7fa881295733879671ad9fe9887d30c",
            "productDescription": "",
            "volume": "350ml"
        },
        "priceData": {
            "bestPrice": "4.00",
            "price": "4.00",
            "pricePerLitre": 11.428571428571429,
            "bestPricePerLitre": 11.428571428571429
        },
        "store": {
            "id": "5e75aa25ec28665b04002bdb",
            "name": "Tinwald"
        }
    },
    {
        "productData": {
            "name": "V Energy Drink Guarana Can 250ml",
            "productId": "v-energy-drink-guarana-can-250ml",
            "productShopPage": "https://tinwald.store.supervalue.co.nz/lines/v-energy-drink-guarana-can-250ml",
            "productImageURL": "https://dtgxwmigmg3gc.cloudfront.net/imagery/assets/derivations/icon/512/512/true/eyJpZCI6Ijc3Nzk1NjE2ZDhhNmFiMThhYzEzODYzOTg2ZmNkNzgwIiwic3RvcmFnZSI6InB1YmxpY19zdG9yZSJ9?signature=f5de1854d43e19cc62bff86893d4a55615cd916f8425a4dccd170b52eba81255",
            "productDescription": "",
            "volume": "250ml"
        },
        "priceData": {
            "bestPrice": "2.40",
            "price": "2.40",
            "pricePerLitre": 9.6,
            "bestPricePerLitre": 9.6
        },
        "store": {
            "id": "5e75aa25ec28665b04002bdb",
            "name": "Tinwald"
        }
    },
    {
        "productData": {
            "name": "V Energy Drink Guarana Can 500ml",
            "productId": "v-energy-drink-guarana-can-500ml",
            "productShopPage": "https://tinwald.store.supervalue.co.nz/lines/v-energy-drink-guarana-can-500ml",
            "productImageURL": "https://dtgxwmigmg3gc.cloudfront.net/imagery/assets/derivations/icon/512/512/true/eyJpZCI6ImI0NjgzNGZjNDRkMjU0MjgzYzJjZGNhMzA2NWIxYjA5Iiwic3RvcmFnZSI6InB1YmxpY19zdG9yZSJ9?signature=265e8273409849423466e7623cbbdf8352940707b8830803eec391e8f32c9c5f",
            "productDescription": "",
            "volume": "500ml"
        },
        "priceData": {
            "bestPrice": "4.00",
            "price": "4.00",
            "pricePerLitre": 8.0,
            "bestPricePerLitre": 8.0
        },
        "store": {
            "id": "5e75aa25ec28665b04002bdb",
            "name": "Tinwald"
        }
    },
    {
        "productData": {
            "name": "V Energy Drink Sugar Free Guarana 500ml",
            "productId": "v-energy-drink-sugar-free-guarana-500ml",
            "productShopPage": "https://tinwald.store.supervalue.co.nz/lines/v-energy-drink-sugar-free-guarana-500ml",
            "productImageURL": "https://dtgxwmigmg3gc.cloudfront.net/imagery/assets/derivations/icon/512/512/true/eyJpZCI6Ijg4MGExMDYxOTY4NTJiYzM1ZTExMmU2MGE2OWYxNDE3Iiwic3RvcmFnZSI6InB1YmxpY19zdG9yZSJ9?signature=b0536d25b9da8158705e24c88e21fabbf85c1dabc19f18108c386e956ffd7045",
            "productDescription": "",
            "volume": "500ml"
        },
        "priceData": {
            "bestPrice": "4.00",
            "price": "4.00",
            "pricePerLitre": 8.0,
            "bestPricePerLitre": 8.0
        },
        "store": {
            "id": "5e75aa25ec28665b04002bdb",
            "name": "Tinwald"
        }
    },
    {
        "productData": {
            "name": "V Blue Energy Drink Bottle 500ml",
            "productId": "v-blue-energy-drink-bottle-500ml",
            "productShopPage": "https://tinwald.store.supervalue.co.nz/lines/v-blue-energy-drink-bottle-500ml",
            "productImageURL": "https://dtgxwmigmg3gc.cloudfront.net/imagery/assets/derivations/icon/512/512/true/eyJpZCI6IjgyYWYxYWY4MGI4MzUxODhiYmVhZGVhM2U2NzY0MzI5Iiwic3RvcmFnZSI6InB1YmxpY19zdG9yZSJ9?signature=7e70fc576864a528a1431734d680cbf177a11b419a692dbfd34800c31b8944ec",
            "productDescription": "",
            "volume": "500ml"
        },
        "priceData": {
            "bestPrice": "2.80",
            "price": "2.80",
            "pricePerLitre": 5.6,
            "bestPricePerLitre": 5.6
        },
        "store": {
            "id": "5e75aa25ec28665b04002bdb",
            "name": "Tinwald"
        }
    },
    {
        "productData": {
            "name": "V Blue Sugarfree Energy Drink 500ml",
            "productId": "v-blue-sugarfree-energy-drink-500ml",
            "productShopPage": "https://tinwald.store.supervalue.co.nz/lines/v-blue-sugarfree-energy-drink-500ml",
            "productImageURL": "https://dtgxwmigmg3gc.cloudfront.net/imagery/assets/derivations/icon/512/512/true/eyJpZCI6ImVmYjQyOWRmM2JjZjc3NTY1ZDIwMTEyNTY0MDdmZjA1Iiwic3RvcmFnZSI6InB1YmxpY19zdG9yZSJ9?signature=2911d59474d8305039a3be3bef0f887c38d9ab84596314b13cc4b150101175ab",
            "productDescription": "",
            "volume": "500ml"
        },
        "priceData": {
            "bestPrice": "4.00",
            "price": "4.00",
            "pricePerLitre": 8.0,
            "bestPricePerLitre": 8.0
        },
        "store": {
            "id": "5e75aa25ec28665b04002bdb",
            "name": "Tinwald"
        }
    },
    {
        "productData": {
            "name": "V Blue Energy Drink Blue Guarana Can 250ml",
            "productId": "v-blue-energy-drink-blue-guarana-can-250ml",
            "productShopPage": "https://tinwald.store.supervalue.co.nz/lines/v-blue-energy-drink-blue-guarana-can-250ml",
            "productImageURL": "https://dtgxwmigmg3gc.cloudfront.net/imagery/assets/derivations/icon/512/512/true/eyJpZCI6IjBmZjQwNDEyZWQ2ZDk4YTg3YWQ2ZDUyMWZlNjM1YzJkIiwic3RvcmFnZSI6InB1YmxpY19zdG9yZSJ9?signature=8f745abe5614ec47b3d7a07f1a34ba529184a87b2a696211ba5a0f9f29c86bf0",
            "productDescription": "",
            "volume": "250ml"
        },
        "priceData": {
            "bestPrice": "2.40",
            "price": "2.40",
            "pricePerLitre": 9.6,
            "bestPricePerLitre": 9.6
        },
        "store": {
            "id": "5e75aa25ec28665b04002bdb",
            "name": "Tinwald"
        }
    },
    {
        "productData": {
            "name": "V Blue Energy Drink Blue Guarana Can 500ml",
            "productId": "v-blue-energy-drink-blue-guarana-can-500ml",
            "productShopPage": "https://tinwald.store.supervalue.co.nz/lines/v-blue-energy-drink-blue-guarana-can-500ml",
            "productImageURL": "https://dtgxwmigmg3gc.cloudfront.net/imagery/assets/derivations/icon/512/512/true/eyJpZCI6ImFmYjEyYjVjYTU2YWI5ZDJhMTVmNGY2MDg2NWFlNzgxIiwic3RvcmFnZSI6InB1YmxpY19zdG9yZSJ9?signature=b537a8cc5a2c0f90f1702b2c541db44c3a740a0ec4a96e92ab2d6537f9320e8d",
            "productDescription": "",
            "volume": "500ml"
        },
        "priceData": {
            "bestPrice": "4.00",
            "price": "4.00",
            "pricePerLitre": 8.0,
            "bestPricePerLitre": 8.0
        },
        "store": {
            "id": "5e75aa25ec28665b04002bdb",
            "name": "Tinwald"
        }
    },
    {
        "productData": {
            "name": "V Energy Drink Sugar Free Guarana Bottle 350ml",
            "productId": "v-energy-drink-sugar-free-guarana-bottle-350ml",
            "productShopPage": "https://tinwald.store.supervalue.co.nz/lines/v-energy-drink-sugar-free-guarana-bottle-350ml",
            "productImageURL": "https://dtgxwmigmg3gc.cloudfront.net/imagery/assets/derivations/icon/512/512/true/eyJpZCI6ImM4MGVkZDY3Mjg5MTdjYTdhMTgxMzUxMTVkZmFlNzcxIiwic3RvcmFnZSI6InB1YmxpY19zdG9yZSJ9?signature=bfa701331e490bfdd2ed98e1c24e4f875f18a45383fc75ce599441cb0aa072cd",
            "productDescription": "",
            "volume": "350ml"
        },
        "priceData": {
            "bestPrice": "4.00",
            "price": "4.00",
            "pricePerLitre": 11.428571428571429,
            "bestPricePerLitre": 11.428571428571429
        },
        "store": {
            "id": "5e75aa25ec28665b04002bdb",
            "name": "Tinwald"
        }
    },
    {
        "productData": {
            "name": "Monster Energy Pipeline Punch 500ml",
            "productId": "monster-energy-pipeline-punch-500ml",
            "productShopPage": "https://tinwald.store.supervalue.co.nz/lines/monster-energy-pipeline-punch-500ml",
            "productImageURL": "https://dtgxwmigmg3gc.cloudfront.net/imagery/assets/derivations/icon/512/512/true/eyJpZCI6IjBhODJhZGNkMWY5YThiMWQ5ZjY0YjRjNGE0YWQwMzMxIiwic3RvcmFnZSI6InB1YmxpY19zdG9yZSJ9?signature=7a4880545cb059c8f06a41c671fb0785b7cddf3903741ed2f081d6bcf2e5189f",
            "productDescription": "",
            "volume": "500ml"
        },
        "priceData": {
            "bestPrice": "3.60",
            "price": "3.60",
            "pricePerLitre": 7.2,
            "bestPricePerLitre": 7.2
        },
        "store": {
            "id": "5e75aa25ec28665b04002bdb",
            "name": "Tinwald"
        }
    },
    {
        "productData": {
            "name": "Live Plus Energy Drink Citrus Flavour 500ml",
            "productId": "live-plus-persist-500ml",
            "productShopPage": "https://tinwald.store.supervalue.co.nz/lines/live-plus-persist-500ml",
            "productImageURL": "https://dtgxwmigmg3gc.cloudfront.net/imagery/assets/derivations/icon/512/512/true/eyJpZCI6IjFlNWQ5YzI4OWM1N2UzNmYzZmI2NThlMDQzZTI3ZjE4Iiwic3RvcmFnZSI6InB1YmxpY19zdG9yZSJ9?signature=756b17fefe47174b90e7dbec8cd09db27f9f59f4994bc750b71256ae93ba9fa8",
            "productDescription": "",
            "volume": "500ml"
        },
        "priceData": {
            "bestPrice": "3.20",
            "price": "3.20",
            "pricePerLitre": 6.4,
            "bestPricePerLitre": 6.4
        },
        "store": {
            "id": "5e75aa25ec28665b04002bdb",
            "name": "Tinwald"
        }
    },
    {
        "productData": {
            "name": "V Guarana Energy Drink Blue Sugarfree 250ml",
            "productId": "v-blue-sugarfree-energy-drink-250ml",
            "productShopPage": "https://tinwald.store.supervalue.co.nz/lines/v-blue-sugarfree-energy-drink-250ml",
            "productImageURL": "https://dtgxwmigmg3gc.cloudfront.net/imagery/assets/derivations/icon/512/512/true/eyJpZCI6IjI3YWJiOTVhYjNhMjEwMDU2MWJhMmRhNTM3YjRhZjVmIiwic3RvcmFnZSI6InB1YmxpY19zdG9yZSJ9?signature=66769306ca1d0ba674603954d338186dc999f6d1839090d49fde9416b3252365",
            "productDescription": "",
            "volume": "250ml"
        },
        "priceData": {
            "bestPrice": "2.40",
            "price": "2.40",
            "pricePerLitre": 9.6,
            "bestPricePerLitre": 9.6
        },
        "store": {
            "id": "5e75aa25ec28665b04002bdb",
            "name": "Tinwald"
        }
    },
    {
        "productData": {
            "name": "Live Plus Energy Drink Original Citrus Flavour 355ml",
            "productId": "live-plus-persist-glass-355ml",
            "productShopPage": "https://tinwald.store.supervalue.co.nz/lines/live-plus-persist-glass-355ml",
            "productImageURL": "https://dtgxwmigmg3gc.cloudfront.net/imagery/assets/derivations/icon/512/512/true/eyJpZCI6ImYzMjZlMTdmMmI5ZGRjZGYzYmFmNzNiMWQzN2Y5NDI4Iiwic3RvcmFnZSI6InB1YmxpY19zdG9yZSJ9?signature=8fa31eb2b309e9c7a293ba2e7a7541e3cdc686b1d3f519044aa97c666ae5f630",
            "productDescription": "",
            "volume": "355ml"
        },
        "priceData": {
            "bestPrice": "2.20",
            "price": "2.20",
            "pricePerLitre": 6.197183098591549,
            "bestPricePerLitre": 6.197183098591549
        },
        "store": {
            "id": "5e75aa25ec28665b04002bdb",
            "name": "Tinwald"
        }
    },
    {
        "productData": {
            "name": "Rockstar Punched Energy Guava 500ml",
            "productId": "rockstar-punched-energy-guava-500ml",
            "productShopPage": "https://tinwald.store.supervalue.co.nz/lines/rockstar-punched-energy-guava-500ml",
            "productImageURL": "https://dtgxwmigmg3gc.cloudfront.net/imagery/assets/derivations/icon/512/512/true/eyJpZCI6ImEzMDQwMDA1ZTlmNTRmNTczMTYzMDE1Yjk2NTFmZDIxIiwic3RvcmFnZSI6InB1YmxpY19zdG9yZSJ9?signature=bfb6b62e0f648da1212eb37234f40b47cf3251c956e2d837473e2acee3a5a4ef",
            "productDescription": "",
            "volume": "500ml"
        },
        "priceData": {
            "bestPrice": "2.20",
            "price": "2.20",
            "pricePerLitre": 4.4,
            "bestPricePerLitre": 4.4
        },
        "store": {
            "id": "5e75aa25ec28665b04002bdb",
            "name": "Tinwald"
        }
    },
    {
        "productData": {
            "name": "Rockstar Energy Drink Blueberry Can 500ml",
            "productId": "rockstar-energy-drink-blueberry-can-500ml",
            "productShopPage": "https://tinwald.store.supervalue.co.nz/lines/rockstar-energy-drink-blueberry-can-500ml",
            "productImageURL": "https://dtgxwmigmg3gc.cloudfront.net/imagery/assets/derivations/icon/512/512/true/eyJpZCI6ImI1N2Q4NGI2ZGNjM2JiNDYyNzE0MDM1NDBmNDFiMTczIiwic3RvcmFnZSI6InB1YmxpY19zdG9yZSJ9?signature=7e05418bac60cf5dc657a6490b215fa93221265cb5d03bdab391f3993e9949d7",
            "productDescription": "",
            "volume": "500ml"
        },
        "priceData": {
            "bestPrice": "2.20",
            "price": "2.20",
            "pricePerLitre": 4.4,
            "bestPricePerLitre": 4.4
        },
        "store": {
            "id": "5e75aa25ec28665b04002bdb",
            "name": "Tinwald"
        }
    },
    {
        "productData": {
            "name": "Live Plus Energy Drink Original Cans 250ml",
            "productId": "live-plus-energy-drink-original-cans-250ml",
            "productShopPage": "https://tinwald.store.supervalue.co.nz/lines/live-plus-energy-drink-original-cans-250ml",
            "productImageURL": "https://dtgxwmigmg3gc.cloudfront.net/imagery/assets/derivations/icon/512/512/true/eyJpZCI6IjJkOWMwNTExZWI5MDY3MmRhYzk2OWQzYTlmMDZlMzg4Iiwic3RvcmFnZSI6InB1YmxpY19zdG9yZSJ9?signature=ca15999b181bd95a0f396d2cd4687f7864bd189801bd1939021ec51f40f803ee",
            "productDescription": "",
            "volume": "250ml"
        },
        "priceData": {
            "bestPrice": "2.50",
            "price": "2.50",
            "pricePerLitre": 10.0,
            "bestPricePerLitre": 10.0
        },
        "store": {
            "id": "5e75aa25ec28665b04002bdb",
            "name": "Tinwald"
        }
    },
    {
        "productData": {
            "name": "Rockstar No Sugar Silver Ice Energy Drink 500ml",
            "productId": "rockstar-no-sugar-silver-ice-energy-drink-500ml",
            "productShopPage": "https://tinwald.store.supervalue.co.nz/lines/rockstar-no-sugar-silver-ice-energy-drink-500ml",
            "productImageURL": "https://dtgxwmigmg3gc.cloudfront.net/imagery/assets/derivations/icon/512/512/true/eyJpZCI6Ijg0ZmNmN2FkMzE5N2YzNzc2M2Y2NGJhYTFmNDg4ZjY0Iiwic3RvcmFnZSI6InB1YmxpY19zdG9yZSJ9?signature=9f728f422d1bfa4a6a57eee9087fc8ccafc10241ddd31358a6a222934135abb5",
            "productDescription": "",
            "volume": "500ml"
        },
        "priceData": {
            "bestPrice": "2.20",
            "price": "2.20",
            "pricePerLitre": 4.4,
            "bestPricePerLitre": 4.4
        },
        "store": {
            "id": "5e75aa25ec28665b04002bdb",
            "name": "Tinwald"
        }
    },
    {
        "productData": {
            "name": "Musashi Energy Drink Blue Raspberry 500ml",
            "productId": "musashi-energy-drink-blue-raspberry-500ml",
            "productShopPage": "https://tinwald.store.supervalue.co.nz/lines/musashi-energy-drink-blue-raspberry-500ml",
            "productImageURL": "https://dtgxwmigmg3gc.cloudfront.net/imagery/assets/derivations/icon/512/512/true/eyJpZCI6IjE5MzNlYTI1Mjk2MTRjZTgwNmE0YThiZTU2NmRhMGI1Iiwic3RvcmFnZSI6InB1YmxpY19zdG9yZSJ9?signature=6f2e80fb21b91bb7d7f6ae2f6d711d7b645a3490600386d066f024d673ee01e2",
            "productDescription": "",
            "volume": "500ml"
        },
        "priceData": {
            "bestPrice": "3.50",
            "price": "3.50",
            "pricePerLitre": 7.0,
            "bestPricePerLitre": 7.0
        },
        "store": {
            "id": "5e75aa25ec28665b04002bdb",
            "name": "Tinwald"
        }
    },
    {
        "productData": {
            "name": "Monster Super Fuel Tropical Thunder 550ml",
            "productId": "monster-super-fuel-tropical-thunder-550ml",
            "productShopPage": "https://tinwald.store.supervalue.co.nz/lines/monster-super-fuel-tropical-thunder-550ml",
            "productImageURL": "https://dtgxwmigmg3gc.cloudfront.net/imagery/assets/derivations/icon/512/512/true/eyJpZCI6ImU1MDMwZGIyMGNiOTQ2NWRlMWY3OWVkYmMxNGI4Zjg2Iiwic3RvcmFnZSI6InB1YmxpY19zdG9yZSJ9?signature=edda4faf145060b78b7a826b3d26392e4283e9f7f22cebee6de6f90f70d215de",
            "productDescription": "",
            "volume": "550ml"
        },
        "priceData": {
            "bestPrice": "4.70",
            "price": "4.70",
            "pricePerLitre": 8.545454545454545,
            "bestPricePerLitre": 8.545454545454545
        },
        "store": {
            "id": "5e75aa25ec28665b04002bdb",
            "name": "Tinwald"
        }
    },
    {
        "productData": {
            "name": "Monster Energy Drink Ultra Gold 500ml",
            "productId": "monster-energy-drink-ultra-gold-500ml",
            "productShopPage": "https://paetiki.store.supervalue.co.nz/lines/monster-energy-drink-ultra-gold-500ml",
            "productImageURL": "https://dtgxwmigmg3gc.cloudfront.net/imagery/assets/derivations/icon/512/512/true/eyJpZCI6ImM3MmEwNWIyMjE0YTAzMjcyNzFhYjMyZTI4Zjk4MGFhIiwic3RvcmFnZSI6InB1YmxpY19zdG9yZSJ9?signature=b4f295a92992569de94ae4176268ca4a850af7b8377f28e19d8ddb65e0e09cc2",
            "productDescription": "",
            "volume": "500ml"
        },
        "priceData": {
            "bestPrice": "3.60",
            "price": "3.60",
            "pricePerLitre": 7.2,
            "bestPricePerLitre": 7.2
        },
        "store": {
            "id": "5e792afb60b75a6572069c0e",
            "name": "Paetiki"
        }
    },
    {
        "productData": {
            "name": "Mother Kicked Apple 500ml",
            "productId": "mother-kicked-apple-500ml",
            "productShopPage": "https://paetiki.store.supervalue.co.nz/lines/mother-kicked-apple-500ml",
            "productImageURL": "https://dtgxwmigmg3gc.cloudfront.net/imagery/assets/derivations/icon/512/512/true/eyJpZCI6IjNhZTlkYjkwYTM4MDFjMGEwYjUwYThhMDAwYjkyZjM0Iiwic3RvcmFnZSI6InB1YmxpY19zdG9yZSJ9?signature=c1a1db0a5d7b074c388cf08560fd44a4a2b6127821554198e54eeea8474325f6",
            "productDescription": "",
            "volume": "500ml"
        },
        "priceData": {
            "bestPrice": "2.20",
            "price": "2.20",
            "pricePerLitre": 4.4,
            "bestPricePerLitre": 4.4
        },
        "store": {
            "id": "5e792afb60b75a6572069c0e",
            "name": "Paetiki"
        }
    },
    {
        "productData": {
            "name": "Monster Energy Import 550ml",
            "productId": "monster-energy-import-550ml",
            "productShopPage": "https://paetiki.store.supervalue.co.nz/lines/monster-energy-import-550ml",
            "productImageURL": "https://dtgxwmigmg3gc.cloudfront.net/imagery/assets/derivations/icon/512/512/true/eyJpZCI6IjA2NGMxOGY0ZGZmNTVlMTNmNzA4ZjMxMWMyNGZjZjAyIiwic3RvcmFnZSI6InB1YmxpY19zdG9yZSJ9?signature=0b55cb185296dc7565fe1f5b72fcfd3d848728a98d940d66324e3ac86e1d833a",
            "productDescription": "",
            "volume": "550ml"
        },
        "priceData": {
            "bestPrice": "3.99",
            "price": "3.99",
            "pricePerLitre": 7.254545454545455,
            "bestPricePerLitre": 7.254545454545455
        },
        "store": {
            "id": "5e792afb60b75a6572069c0e",
            "name": "Paetiki"
        }
    },
    {
        "productData": {
            "name": "Monster Energy Drink Ultra Paradise 500ml",
            "productId": "monster-energy-drink-ultra-paradise-500ml",
            "productShopPage": "https://paetiki.store.supervalue.co.nz/lines/monster-energy-drink-ultra-paradise-500ml",
            "productImageURL": "https://dtgxwmigmg3gc.cloudfront.net/imagery/assets/derivations/icon/512/512/true/eyJpZCI6IjU3ZTFkM2FiYTM1NTE5MjBjNGY3YWQ1MDlmN2JiM2FiIiwic3RvcmFnZSI6InB1YmxpY19zdG9yZSJ9?signature=f112dbd2da966f41ee31deb58894dec2d4e327e223dcd676069650d679f43cb5",
            "productDescription": "",
            "volume": "500ml"
        },
        "priceData": {
            "bestPrice": "3.60",
            "price": "3.60",
            "pricePerLitre": 7.2,
            "bestPricePerLitre": 7.2
        },
        "store": {
            "id": "5e792afb60b75a6572069c0e",
            "name": "Paetiki"
        }
    },
    {
        "productData": {
            "name": "Monster Energy Ultra Zero 500ml Can 500ml",
            "productId": "monster-energy-ultra-zero-500ml",
            "productShopPage": "https://paetiki.store.supervalue.co.nz/lines/monster-energy-ultra-zero-500ml",
            "productImageURL": "https://dtgxwmigmg3gc.cloudfront.net/imagery/assets/derivations/icon/512/512/true/eyJpZCI6IjE2ZDZhZmVkN2M0YjVjMzRmMjExNGJhNWQyMzhlOTQ4Iiwic3RvcmFnZSI6InB1YmxpY19zdG9yZSJ9?signature=10ef7ab522a8389710a24973bac3bd88af990f17b5da987fda62632f41e72ced",
            "productDescription": "",
            "volume": "500ml"
        },
        "priceData": {
            "bestPrice": "3.60",
            "price": "3.60",
            "pricePerLitre": 7.2,
            "bestPricePerLitre": 7.2
        },
        "store": {
            "id": "5e792afb60b75a6572069c0e",
            "name": "Paetiki"
        }
    },
    {
        "productData": {
            "name": "Monster Energy Green 500ml",
            "productId": "monster-energy-green-500ml",
            "productShopPage": "https://paetiki.store.supervalue.co.nz/lines/monster-energy-green-500ml",
            "productImageURL": "https://dtgxwmigmg3gc.cloudfront.net/imagery/assets/derivations/icon/512/512/true/eyJpZCI6IjdlMWQ4YzE4OWEzYjkxOWExNTNiZDRmMGNhMjA0MGFjIiwic3RvcmFnZSI6InB1YmxpY19zdG9yZSJ9?signature=7d8e276d7131e46748c715b58473be8fec7d21f3d10abd6d108f8b0cb856d4a3",
            "productDescription": "",
            "volume": "500ml"
        },
        "priceData": {
            "bestPrice": "3.60",
            "price": "3.60",
            "pricePerLitre": 7.2,
            "bestPricePerLitre": 7.2
        },
        "store": {
            "id": "5e792afb60b75a6572069c0e",
            "name": "Paetiki"
        }
    },
    {
        "productData": {
            "name": "Monster Energy Drink Ultra Rosa 500ml",
            "productId": "monster-energy-drink-ultra-rosa-500ml",
            "productShopPage": "https://paetiki.store.supervalue.co.nz/lines/monster-energy-drink-ultra-rosa-500ml",
            "productImageURL": "https://dtgxwmigmg3gc.cloudfront.net/imagery/assets/derivations/icon/512/512/true/eyJpZCI6IjBmZDhiOGI4MDk3NDYzMDI0ZGQ4OTdhYTk2ZmVmMmRiIiwic3RvcmFnZSI6InB1YmxpY19zdG9yZSJ9?signature=b524829083fd581b245f26f999cd130415f1b63b346277cf6a7a0faece216093",
            "productDescription": "",
            "volume": "500ml"
        },
        "priceData": {
            "bestPrice": "3.60",
            "price": "3.60",
            "pricePerLitre": 7.2,
            "bestPricePerLitre": 7.2
        },
        "store": {
            "id": "5e792afb60b75a6572069c0e",
            "name": "Paetiki"
        }
    },
    {
        "productData": {
            "name": "Mother Energy Drink Berry 500ml",
            "productId": "mother-energy-drink-berry-500ml",
            "productShopPage": "https://paetiki.store.supervalue.co.nz/lines/mother-energy-drink-berry-500ml",
            "productImageURL": "https://dtgxwmigmg3gc.cloudfront.net/imagery/assets/derivations/icon/512/512/true/eyJpZCI6ImRhYTJlNjUzNzRjZjViNjI0ZDljNzUzNDA3YmE0ZDFkIiwic3RvcmFnZSI6InB1YmxpY19zdG9yZSJ9?signature=d9ffb465d71d599811c2ff7a788845bfe297eb3624ad7866a89cf0b3ece073f0",
            "productDescription": "",
            "volume": "500ml"
        },
        "priceData": {
            "bestPrice": "2.20",
            "price": "2.20",
            "pricePerLitre": 4.4,
            "bestPricePerLitre": 4.4
        },
        "store": {
            "id": "5e792afb60b75a6572069c0e",
            "name": "Paetiki"
        }
    },
    {
        "productData": {
            "name": "Mother Energy Drink Black 500ml",
            "productId": "mother-energy-drink-black-500ml",
            "productShopPage": "https://paetiki.store.supervalue.co.nz/lines/mother-energy-drink-black-500ml",
            "productImageURL": "https://dtgxwmigmg3gc.cloudfront.net/imagery/assets/derivations/icon/512/512/true/eyJpZCI6ImYyMzA5MjhkYjg3ODFhYmYzZDU3ZjE1YjNmYzU2MWFjIiwic3RvcmFnZSI6InB1YmxpY19zdG9yZSJ9?signature=d3dbddb83d3d457075cd5d8936bef0c5b48fce4fa3fe725995d8b6d57219ceb5",
            "productDescription": "",
            "volume": "500ml"
        },
        "priceData": {
            "bestPrice": "2.20",
            "price": "2.20",
            "pricePerLitre": 4.4,
            "bestPricePerLitre": 4.4
        },
        "store": {
            "id": "5e792afb60b75a6572069c0e",
            "name": "Paetiki"
        }
    },
    {
        "productData": {
            "name": "Mother Energy Drink Passion 500ml",
            "productId": "mother-energy-drink-passion-500ml",
            "productShopPage": "https://paetiki.store.supervalue.co.nz/lines/mother-energy-drink-passion-500ml",
            "productImageURL": "https://dtgxwmigmg3gc.cloudfront.net/imagery/assets/derivations/icon/512/512/true/eyJpZCI6ImFkZDQ3ZmI4MGJjMmU2ZTgxNDcxNDRhYWFmOWZkYzViIiwic3RvcmFnZSI6InB1YmxpY19zdG9yZSJ9?signature=c8aea44ce6ff965b9e87fcb9f60849b0328e9b8983b9d5547e51c910f8f5368b",
            "productDescription": "",
            "volume": "500ml"
        },
        "priceData": {
            "bestPrice": "2.20",
            "price": "2.20",
            "pricePerLitre": 4.4,
            "bestPricePerLitre": 4.4
        },
        "store": {
            "id": "5e792afb60b75a6572069c0e",
            "name": "Paetiki"
        }
    },
    {
        "productData": {
            "name": "Mother Tropical Blast 500ml",
            "productId": "mother-tropical-blast-500ml",
            "productShopPage": "https://paetiki.store.supervalue.co.nz/lines/mother-tropical-blast-500ml",
            "productImageURL": "https://dtgxwmigmg3gc.cloudfront.net/imagery/assets/derivations/icon/512/512/true/eyJpZCI6IjY2ODFiOTc3MTY1OWVlZGI0YWU0ZDEwNmRkMWI3MTFmIiwic3RvcmFnZSI6InB1YmxpY19zdG9yZSJ9?signature=d1b01bfff1b3992a83da4126d87194cc3819f2c04c19ef718954650d0bb059a1",
            "productDescription": "",
            "volume": "500ml"
        },
        "priceData": {
            "bestPrice": "2.20",
            "price": "2.20",
            "pricePerLitre": 4.4,
            "bestPricePerLitre": 4.4
        },
        "store": {
            "id": "5e792afb60b75a6572069c0e",
            "name": "Paetiki"
        }
    },
    {
        "productData": {
            "name": "Mother Epic Swell Energy Drink Twisted Apple 500ml",
            "productId": "mother-epic-swell-energy-drink-twisted-apple-500ml",
            "productShopPage": "https://paetiki.store.supervalue.co.nz/lines/mother-epic-swell-energy-drink-twisted-apple-500ml",
            "productImageURL": "https://dtgxwmigmg3gc.cloudfront.net/imagery/assets/derivations/icon/512/512/true/eyJpZCI6IjE3NGY3OWU3NDkwYTQ5MGE4NGFkNjYzZjVlODdjNzlmIiwic3RvcmFnZSI6InB1YmxpY19zdG9yZSJ9?signature=8b8c94eb83ff8e282e2c9309d499d02862cc0d052bea74cb186828b6e121cc4e",
            "productDescription": "",
            "volume": "500ml"
        },
        "priceData": {
            "bestPrice": "2.20",
            "price": "2.20",
            "pricePerLitre": 4.4,
            "bestPricePerLitre": 4.4
        },
        "store": {
            "id": "5e792afb60b75a6572069c0e",
            "name": "Paetiki"
        }
    },
    {
        "productData": {
            "name": "V Energy Drink Guarana 500ml",
            "productId": "v-energy-drink-guarana-500ml",
            "productShopPage": "https://paetiki.store.supervalue.co.nz/lines/v-energy-drink-guarana-500ml",
            "productImageURL": "https://dtgxwmigmg3gc.cloudfront.net/imagery/assets/derivations/icon/512/512/true/eyJpZCI6IjgzZDAxMjhiMzg4NmEwZmE4YTE2ZjY2NWIzNmM2NzI2Iiwic3RvcmFnZSI6InB1YmxpY19zdG9yZSJ9?signature=f55ecc561066291a4e74a967db35ea2355f881bd1708bf400fd790032384ae4f",
            "productDescription": "",
            "volume": "500ml"
        },
        "priceData": {
            "bestPrice": "2.80",
            "price": "2.80",
            "pricePerLitre": 5.6,
            "bestPricePerLitre": 5.6
        },
        "store": {
            "id": "5e792afb60b75a6572069c0e",
            "name": "Paetiki"
        }
    },
    {
        "productData": {
            "name": "V Energy Drink Sugarfree 500ml",
            "productId": "v-energy-drink-sugarfree-500ml",
            "productShopPage": "https://paetiki.store.supervalue.co.nz/lines/v-energy-drink-sugarfree-500ml",
            "productImageURL": "https://dtgxwmigmg3gc.cloudfront.net/imagery/assets/derivations/icon/512/512/true/eyJpZCI6ImVkZTAxNTNmMDI1NmU1NDZjNWQ5MTc3MjE3ZTQ3YTQ0Iiwic3RvcmFnZSI6InB1YmxpY19zdG9yZSJ9?signature=abcf72d9faa9ee3044eaa3b7ee0bf9b4fd8f582379018d8727f2234b7d3f3c85",
            "productDescription": "",
            "volume": "500ml"
        },
        "priceData": {
            "bestPrice": "2.80",
            "price": "2.80",
            "pricePerLitre": 5.6,
            "bestPricePerLitre": 5.6
        },
        "store": {
            "id": "5e792afb60b75a6572069c0e",
            "name": "Paetiki"
        }
    },
    {
        "productData": {
            "name": "V Energy Drink Blue Guarana Spritzed 350ml",
            "productId": "v-blue-energy-drink-blue-guarana-spritzed-350ml",
            "productShopPage": "https://paetiki.store.supervalue.co.nz/lines/v-blue-energy-drink-blue-guarana-spritzed-350ml",
            "productImageURL": "https://dtgxwmigmg3gc.cloudfront.net/imagery/assets/derivations/icon/512/512/true/eyJpZCI6ImY2OTRlZGI4NjdlNWMzZDM5NzgzMDQ0ODFkMzUxZGZiIiwic3RvcmFnZSI6InB1YmxpY19zdG9yZSJ9?signature=591b3079cb9c2407a29b3bc348eaf42dc1d34daba5c9d7aba65be654725b6719",
            "productDescription": "",
            "volume": "350ml"
        },
        "priceData": {
            "bestPrice": "4.00",
            "price": "4.00",
            "pricePerLitre": 11.428571428571429,
            "bestPricePerLitre": 11.428571428571429
        },
        "store": {
            "id": "5e792afb60b75a6572069c0e",
            "name": "Paetiki"
        }
    },
    {
        "productData": {
            "name": "V Energy Drink Green Guarana 350ml",
            "productId": "v-energy-drink-green-guarana-350ml",
            "productShopPage": "https://paetiki.store.supervalue.co.nz/lines/v-energy-drink-green-guarana-350ml",
            "productImageURL": "https://dtgxwmigmg3gc.cloudfront.net/imagery/assets/derivations/icon/512/512/true/eyJpZCI6IjRiNjY4ZjYxOTQ2ODYyN2MzM2NiZWMyNGUyNmIyODk4Iiwic3RvcmFnZSI6InB1YmxpY19zdG9yZSJ9?signature=4cded9cb42349eef45a593461f311b1bb7fa881295733879671ad9fe9887d30c",
            "productDescription": "",
            "volume": "350ml"
        },
        "priceData": {
            "bestPrice": "4.00",
            "price": "4.00",
            "pricePerLitre": 11.428571428571429,
            "bestPricePerLitre": 11.428571428571429
        },
        "store": {
            "id": "5e792afb60b75a6572069c0e",
            "name": "Paetiki"
        }
    },
    {
        "productData": {
            "name": "V Energy Drink Guarana Can 250ml",
            "productId": "v-energy-drink-guarana-can-250ml",
            "productShopPage": "https://paetiki.store.supervalue.co.nz/lines/v-energy-drink-guarana-can-250ml",
            "productImageURL": "https://dtgxwmigmg3gc.cloudfront.net/imagery/assets/derivations/icon/512/512/true/eyJpZCI6Ijc3Nzk1NjE2ZDhhNmFiMThhYzEzODYzOTg2ZmNkNzgwIiwic3RvcmFnZSI6InB1YmxpY19zdG9yZSJ9?signature=f5de1854d43e19cc62bff86893d4a55615cd916f8425a4dccd170b52eba81255",
            "productDescription": "",
            "volume": "250ml"
        },
        "priceData": {
            "bestPrice": "2.40",
            "price": "2.40",
            "pricePerLitre": 9.6,
            "bestPricePerLitre": 9.6
        },
        "store": {
            "id": "5e792afb60b75a6572069c0e",
            "name": "Paetiki"
        }
    },
    {
        "productData": {
            "name": "V Energy Drink Guarana Can 500ml",
            "productId": "v-energy-drink-guarana-can-500ml",
            "productShopPage": "https://paetiki.store.supervalue.co.nz/lines/v-energy-drink-guarana-can-500ml",
            "productImageURL": "https://dtgxwmigmg3gc.cloudfront.net/imagery/assets/derivations/icon/512/512/true/eyJpZCI6ImI0NjgzNGZjNDRkMjU0MjgzYzJjZGNhMzA2NWIxYjA5Iiwic3RvcmFnZSI6InB1YmxpY19zdG9yZSJ9?signature=265e8273409849423466e7623cbbdf8352940707b8830803eec391e8f32c9c5f",
            "productDescription": "",
            "volume": "500ml"
        },
        "priceData": {
            "bestPrice": "4.00",
            "price": "4.00",
            "pricePerLitre": 8.0,
            "bestPricePerLitre": 8.0
        },
        "store": {
            "id": "5e792afb60b75a6572069c0e",
            "name": "Paetiki"
        }
    },
    {
        "productData": {
            "name": "V Energy Drink Sugar Free Guarana 500ml",
            "productId": "v-energy-drink-sugar-free-guarana-500ml",
            "productShopPage": "https://paetiki.store.supervalue.co.nz/lines/v-energy-drink-sugar-free-guarana-500ml",
            "productImageURL": "https://dtgxwmigmg3gc.cloudfront.net/imagery/assets/derivations/icon/512/512/true/eyJpZCI6Ijg4MGExMDYxOTY4NTJiYzM1ZTExMmU2MGE2OWYxNDE3Iiwic3RvcmFnZSI6InB1YmxpY19zdG9yZSJ9?signature=b0536d25b9da8158705e24c88e21fabbf85c1dabc19f18108c386e956ffd7045",
            "productDescription": "",
            "volume": "500ml"
        },
        "priceData": {
            "bestPrice": "4.00",
            "price": "4.00",
            "pricePerLitre": 8.0,
            "bestPricePerLitre": 8.0
        },
        "store": {
            "id": "5e792afb60b75a6572069c0e",
            "name": "Paetiki"
        }
    },
    {
        "productData": {
            "name": "V Blue Energy Drink Bottle 500ml",
            "productId": "v-blue-energy-drink-bottle-500ml",
            "productShopPage": "https://paetiki.store.supervalue.co.nz/lines/v-blue-energy-drink-bottle-500ml",
            "productImageURL": "https://dtgxwmigmg3gc.cloudfront.net/imagery/assets/derivations/icon/512/512/true/eyJpZCI6IjgyYWYxYWY4MGI4MzUxODhiYmVhZGVhM2U2NzY0MzI5Iiwic3RvcmFnZSI6InB1YmxpY19zdG9yZSJ9?signature=7e70fc576864a528a1431734d680cbf177a11b419a692dbfd34800c31b8944ec",
            "productDescription": "",
            "volume": "500ml"
        },
        "priceData": {
            "bestPrice": "2.80",
            "price": "2.80",
            "pricePerLitre": 5.6,
            "bestPricePerLitre": 5.6
        },
        "store": {
            "id": "5e792afb60b75a6572069c0e",
            "name": "Paetiki"
        }
    },
    {
        "productData": {
            "name": "V Blue Energy Drink Blue Guarana Can 250ml",
            "productId": "v-blue-energy-drink-blue-guarana-can-250ml",
            "productShopPage": "https://paetiki.store.supervalue.co.nz/lines/v-blue-energy-drink-blue-guarana-can-250ml",
            "productImageURL": "https://dtgxwmigmg3gc.cloudfront.net/imagery/assets/derivations/icon/512/512/true/eyJpZCI6IjBmZjQwNDEyZWQ2ZDk4YTg3YWQ2ZDUyMWZlNjM1YzJkIiwic3RvcmFnZSI6InB1YmxpY19zdG9yZSJ9?signature=8f745abe5614ec47b3d7a07f1a34ba529184a87b2a696211ba5a0f9f29c86bf0",
            "productDescription": "",
            "volume": "250ml"
        },
        "priceData": {
            "bestPrice": "2.40",
            "price": "2.40",
            "pricePerLitre": 9.6,
            "bestPricePerLitre": 9.6
        },
        "store": {
            "id": "5e792afb60b75a6572069c0e",
            "name": "Paetiki"
        }
    },
    {
        "productData": {
            "name": "V Blue Energy Drink Blue Guarana Can 500ml",
            "productId": "v-blue-energy-drink-blue-guarana-can-500ml",
            "productShopPage": "https://paetiki.store.supervalue.co.nz/lines/v-blue-energy-drink-blue-guarana-can-500ml",
            "productImageURL": "https://dtgxwmigmg3gc.cloudfront.net/imagery/assets/derivations/icon/512/512/true/eyJpZCI6ImFmYjEyYjVjYTU2YWI5ZDJhMTVmNGY2MDg2NWFlNzgxIiwic3RvcmFnZSI6InB1YmxpY19zdG9yZSJ9?signature=b537a8cc5a2c0f90f1702b2c541db44c3a740a0ec4a96e92ab2d6537f9320e8d",
            "productDescription": "",
            "volume": "500ml"
        },
        "priceData": {
            "bestPrice": "4.00",
            "price": "4.00",
            "pricePerLitre": 8.0,
            "bestPricePerLitre": 8.0
        },
        "store": {
            "id": "5e792afb60b75a6572069c0e",
            "name": "Paetiki"
        }
    },
    {
        "productData": {
            "name": "V Energy Drink Sugar Free Guarana Bottle 350ml",
            "productId": "v-energy-drink-sugar-free-guarana-bottle-350ml",
            "productShopPage": "https://paetiki.store.supervalue.co.nz/lines/v-energy-drink-sugar-free-guarana-bottle-350ml",
            "productImageURL": "https://dtgxwmigmg3gc.cloudfront.net/imagery/assets/derivations/icon/512/512/true/eyJpZCI6ImM4MGVkZDY3Mjg5MTdjYTdhMTgxMzUxMTVkZmFlNzcxIiwic3RvcmFnZSI6InB1YmxpY19zdG9yZSJ9?signature=bfa701331e490bfdd2ed98e1c24e4f875f18a45383fc75ce599441cb0aa072cd",
            "productDescription": "",
            "volume": "350ml"
        },
        "priceData": {
            "bestPrice": "4.00",
            "price": "4.00",
            "pricePerLitre": 11.428571428571429,
            "bestPricePerLitre": 11.428571428571429
        },
        "store": {
            "id": "5e792afb60b75a6572069c0e",
            "name": "Paetiki"
        }
    },
    {
        "productData": {
            "name": "Monster Mule Energy Drink 500ml",
            "productId": "monster-mule-ginger-brew-500ml",
            "productShopPage": "https://paetiki.store.supervalue.co.nz/lines/monster-mule-ginger-brew-500ml",
            "productImageURL": "https://dtgxwmigmg3gc.cloudfront.net/imagery/assets/derivations/icon/512/512/true/eyJpZCI6ImM1OTM5MTIyZTRlNmNhNzk0ODFlMDE4ZWVmMWE2Y2ZlIiwic3RvcmFnZSI6InB1YmxpY19zdG9yZSJ9?signature=5d11287f30ef58c148e37382d61c0d83097d5461683a9aa5dd9456941c1f32e5",
            "productDescription": "",
            "volume": "500ml"
        },
        "priceData": {
            "bestPrice": "3.60",
            "price": "3.60",
            "pricePerLitre": 7.2,
            "bestPricePerLitre": 7.2
        },
        "store": {
            "id": "5e792afb60b75a6572069c0e",
            "name": "Paetiki"
        }
    },
    {
        "productData": {
            "name": "Monster Energy Pipeline Punch 500ml",
            "productId": "monster-energy-pipeline-punch-500ml",
            "productShopPage": "https://paetiki.store.supervalue.co.nz/lines/monster-energy-pipeline-punch-500ml",
            "productImageURL": "https://dtgxwmigmg3gc.cloudfront.net/imagery/assets/derivations/icon/512/512/true/eyJpZCI6IjBhODJhZGNkMWY5YThiMWQ5ZjY0YjRjNGE0YWQwMzMxIiwic3RvcmFnZSI6InB1YmxpY19zdG9yZSJ9?signature=7a4880545cb059c8f06a41c671fb0785b7cddf3903741ed2f081d6bcf2e5189f",
            "productDescription": "",
            "volume": "500ml"
        },
        "priceData": {
            "bestPrice": "3.60",
            "price": "3.60",
            "pricePerLitre": 7.2,
            "bestPricePerLitre": 7.2
        },
        "store": {
            "id": "5e792afb60b75a6572069c0e",
            "name": "Paetiki"
        }
    },
    {
        "productData": {
            "name": "Live Plus Energy Drink Citrus Flavour 500ml",
            "productId": "live-plus-persist-500ml",
            "productShopPage": "https://paetiki.store.supervalue.co.nz/lines/live-plus-persist-500ml",
            "productImageURL": "https://dtgxwmigmg3gc.cloudfront.net/imagery/assets/derivations/icon/512/512/true/eyJpZCI6IjFlNWQ5YzI4OWM1N2UzNmYzZmI2NThlMDQzZTI3ZjE4Iiwic3RvcmFnZSI6InB1YmxpY19zdG9yZSJ9?signature=756b17fefe47174b90e7dbec8cd09db27f9f59f4994bc750b71256ae93ba9fa8",
            "productDescription": "",
            "volume": "500ml"
        },
        "priceData": {
            "bestPrice": "2.20",
            "price": "2.20",
            "pricePerLitre": 4.4,
            "bestPricePerLitre": 4.4
        },
        "store": {
            "id": "5e792afb60b75a6572069c0e",
            "name": "Paetiki"
        }
    },
    {
        "productData": {
            "name": "V Guarana Energy Drink Blue Sugarfree 250ml",
            "productId": "v-blue-sugarfree-energy-drink-250ml",
            "productShopPage": "https://paetiki.store.supervalue.co.nz/lines/v-blue-sugarfree-energy-drink-250ml",
            "productImageURL": "https://dtgxwmigmg3gc.cloudfront.net/imagery/assets/derivations/icon/512/512/true/eyJpZCI6IjI3YWJiOTVhYjNhMjEwMDU2MWJhMmRhNTM3YjRhZjVmIiwic3RvcmFnZSI6InB1YmxpY19zdG9yZSJ9?signature=66769306ca1d0ba674603954d338186dc999f6d1839090d49fde9416b3252365",
            "productDescription": "",
            "volume": "250ml"
        },
        "priceData": {
            "bestPrice": "2.40",
            "price": "2.40",
            "pricePerLitre": 9.6,
            "bestPricePerLitre": 9.6
        },
        "store": {
            "id": "5e792afb60b75a6572069c0e",
            "name": "Paetiki"
        }
    },
    {
        "productData": {
            "name": "Live Plus Energy Drink Original Citrus Flavour 355ml",
            "productId": "live-plus-persist-glass-355ml",
            "productShopPage": "https://paetiki.store.supervalue.co.nz/lines/live-plus-persist-glass-355ml",
            "productImageURL": "https://dtgxwmigmg3gc.cloudfront.net/imagery/assets/derivations/icon/512/512/true/eyJpZCI6ImYzMjZlMTdmMmI5ZGRjZGYzYmFmNzNiMWQzN2Y5NDI4Iiwic3RvcmFnZSI6InB1YmxpY19zdG9yZSJ9?signature=8fa31eb2b309e9c7a293ba2e7a7541e3cdc686b1d3f519044aa97c666ae5f630",
            "productDescription": "",
            "volume": "355ml"
        },
        "priceData": {
            "bestPrice": "2.20",
            "price": "2.20",
            "pricePerLitre": 6.197183098591549,
            "bestPricePerLitre": 6.197183098591549
        },
        "store": {
            "id": "5e792afb60b75a6572069c0e",
            "name": "Paetiki"
        }
    },
    {
        "productData": {
            "name": "Rockstar Punched Energy Guava 500ml",
            "productId": "rockstar-punched-energy-guava-500ml",
            "productShopPage": "https://paetiki.store.supervalue.co.nz/lines/rockstar-punched-energy-guava-500ml",
            "productImageURL": "https://dtgxwmigmg3gc.cloudfront.net/imagery/assets/derivations/icon/512/512/true/eyJpZCI6ImEzMDQwMDA1ZTlmNTRmNTczMTYzMDE1Yjk2NTFmZDIxIiwic3RvcmFnZSI6InB1YmxpY19zdG9yZSJ9?signature=bfb6b62e0f648da1212eb37234f40b47cf3251c956e2d837473e2acee3a5a4ef",
            "productDescription": "",
            "volume": "500ml"
        },
        "priceData": {
            "bestPrice": "2.20",
            "price": "2.20",
            "pricePerLitre": 4.4,
            "bestPricePerLitre": 4.4
        },
        "store": {
            "id": "5e792afb60b75a6572069c0e",
            "name": "Paetiki"
        }
    },
    {
        "productData": {
            "name": "Live Plus Energy Drink Sugar Free Citrus Flavour 250ml",
            "productId": "live-plus-zero-sug-citrus-500ml",
            "productShopPage": "https://paetiki.store.supervalue.co.nz/lines/live-plus-zero-sug-citrus-500ml",
            "productImageURL": "https://dtgxwmigmg3gc.cloudfront.net/imagery/assets/derivations/icon/512/512/true/eyJpZCI6IjhkZGE2ODE2ZDc4Y2E5MmUxZTQ3YjAxOWExZjNlMTU5Iiwic3RvcmFnZSI6InB1YmxpY19zdG9yZSJ9?signature=ab72ec55544855bdd6eb188264cd302aac7f6bc747af365b1624653223d6953d",
            "productDescription": "",
            "volume": "250ml"
        },
        "priceData": {
            "bestPrice": "2.20",
            "price": "2.20",
            "pricePerLitre": 8.8,
            "bestPricePerLitre": 8.8
        },
        "store": {
            "id": "5e792afb60b75a6572069c0e",
            "name": "Paetiki"
        }
    },
    {
        "productData": {
            "name": "Live Plus Energy Drink Tart Apple Apple Flavour 250ml",
            "productId": "live-plus-energy-drink-tart-apple-apple-flavour-250ml",
            "productShopPage": "https://paetiki.store.supervalue.co.nz/lines/live-plus-energy-drink-tart-apple-apple-flavour-250ml",
            "productImageURL": "https://dtgxwmigmg3gc.cloudfront.net/imagery/assets/derivations/icon/512/512/true/eyJpZCI6ImYzMGEyNDQ5YmI4YTkxZTMzNjM2ZGY3NWJlNTc2Mjg1Iiwic3RvcmFnZSI6InB1YmxpY19zdG9yZSJ9?signature=2a08b4915e71c4f4630a68f5915a1cf5b1f4bbc14de24d902f46492cc9ea7b1f",
            "productDescription": "",
            "volume": "250ml"
        },
        "priceData": {
            "bestPrice": "2.50",
            "price": "2.50",
            "pricePerLitre": 10.0,
            "bestPricePerLitre": 10.0
        },
        "store": {
            "id": "5e792afb60b75a6572069c0e",
            "name": "Paetiki"
        }
    },
    {
        "productData": {
            "name": "Live Plus Energy Drink Original Cans 250ml",
            "productId": "live-plus-energy-drink-original-cans-250ml",
            "productShopPage": "https://paetiki.store.supervalue.co.nz/lines/live-plus-energy-drink-original-cans-250ml",
            "productImageURL": "https://dtgxwmigmg3gc.cloudfront.net/imagery/assets/derivations/icon/512/512/true/eyJpZCI6IjJkOWMwNTExZWI5MDY3MmRhYzk2OWQzYTlmMDZlMzg4Iiwic3RvcmFnZSI6InB1YmxpY19zdG9yZSJ9?signature=ca15999b181bd95a0f396d2cd4687f7864bd189801bd1939021ec51f40f803ee",
            "productDescription": "",
            "volume": "250ml"
        },
        "priceData": {
            "bestPrice": "2.50",
            "price": "2.50",
            "pricePerLitre": 10.0,
            "bestPricePerLitre": 10.0
        },
        "store": {
            "id": "5e792afb60b75a6572069c0e",
            "name": "Paetiki"
        }
    },
    {
        "productData": {
            "name": "Monster Super Fuel Tropical Thunder 550ml",
            "productId": "monster-super-fuel-tropical-thunder-550ml",
            "productShopPage": "https://paetiki.store.supervalue.co.nz/lines/monster-super-fuel-tropical-thunder-550ml",
            "productImageURL": "https://dtgxwmigmg3gc.cloudfront.net/imagery/assets/derivations/icon/512/512/true/eyJpZCI6ImU1MDMwZGIyMGNiOTQ2NWRlMWY3OWVkYmMxNGI4Zjg2Iiwic3RvcmFnZSI6InB1YmxpY19zdG9yZSJ9?signature=edda4faf145060b78b7a826b3d26392e4283e9f7f22cebee6de6f90f70d215de",
            "productDescription": "",
            "volume": "550ml"
        },
        "priceData": {
            "bestPrice": "4.70",
            "price": "4.70",
            "pricePerLitre": 8.545454545454545,
            "bestPricePerLitre": 8.545454545454545
        },
        "store": {
            "id": "5e792afb60b75a6572069c0e",
            "name": "Paetiki"
        }
    }
]